@article{young2014,
  title={{Implicit Agency, Communality, and Perceptual Congruence in Couples: Implications for Relationship Health}},
  author={Young, Danielle M. and Moss-Racusin, Corinne A. and Sanchez, Diana T.},
  journal={Journal of Experimental Social Psychology},
  volume={55},
  number={1},
  pages={133--138},
  year={2014},
  publisher={Elsevier}
}

@article{kdelant2009,
  title={Analyse multitraits--multim{\'e}thodes des scores au Questionnaire d'attributs personnels (Personal attributes questionnaire [PAQ]) aupr{\`e}s d’un {\'e}chantillon f{\'e}minin},
  author={K'delant, Pascaline and Gana, Kamel},
  journal={Psychologie fran{\c{c}}aise},
  volume={54},
  number={4},
  pages={323--336},
  year={2009},
  publisher={Elsevier}
}

@article{sevi2019,
  title={{Do Women Get Fewer Votes? No.}},
  author={Sevi, Semra and Arel-Bundock, Vincent and Blais, André},
  journal={Canadian Journal of Political Science/Revue canadienne de science politique},
  volume={52},
  number={1},
  pages={201--210},
  year={2019},
  publisher={Cambridge University Press}
}

@article{coffe2013,
  title={{Women Stay Local, Men Go National and Global? Gender Differences in Political Interest}},
  author={Coffé, Hilde},
  journal={Sex Roles},
  volume={69},
  number={5-6},
  pages={323--338},
  year={2013},
  publisher={Springer}
}

@article{dolan2011,
  title={{Do Women and Men Know Different Things? Measuring Gender Differences in Political Knowledge}},
  author={Dolan, Kathleen},
  journal={The Journal of Politics},
  volume={73},
  number={1},
  pages={97--107},
  year={2011},
  publisher={Cambridge University Press New York, USA}
}

@article{stolle2010,
  title={{What Do Women Really Know? A Gendered Analysis of Varieties of Political Knowledge}},
  author={Stolle, Dietlind and Gidengil, Elisabeth},
  journal={Perspectives on Politics},
  volume={8},
  number={1},
  pages={93--109},
  year={2010},
  publisher={Cambridge University Press}
}

@article{verba1997,
  title={{Knowing and Caring About Politics: Gender and Political Engagement}},
  author={Verba, Sidney and Burns, Nancy and Schlozman, Kay Lehman},
  journal={The Journal of Politics},
  volume={59},
  number={4},
  pages={1051--1072},
  year={1997},
  publisher={University of Texas Press}
}

@article{fox2005,
  title={{To Run or Not to Run for Office: Explaining Nascent Political Ambition}},
  author={Fox, Richard L. and Lawless, Jennifer L.},
  journal={American Journal of Political Science},
  volume={49},
  number={3},
  pages={642--659},
  year={2005},
  publisher={Wiley Online Library}
}

@article{tolley2011,
  title={{Do Women "Do Better" in Municipal Politics? Electoral Representation Across Three Levels of Government}},
  author={Tolley, Erin},
  journal={Canadian Journal of Political Science/Revue canadienne de science politique},
  volume={44},
  number={3},
  pages={573--594},
  year={2011},
  publisher={JSTOR}
}

@article{chattopadhyay2004,
  title={{Women as Policy Makers: Evidence from a Randomized Policy Experiment in India}},
  author={Chattopadhyay, Raghabendra and Duflo, Esther},
  journal={Econometrica},
  volume={72},
  number={5},
  pages={1409--1443},
  year={2004},
  publisher={Wiley Online Library}
}

@article{donato2008,
  title={{Shifts in the Employment Conditions of Mexican Migrant Men and Women: The Effect of US Immigration Policy}},
  author={Donato, Katharine M. and Wakabayashi, Chizuko and Hakimzadeh, Shirin and Armenta, Amada},
  journal={Work and Occupations},
  volume={35},
  number={4},
  pages={462--495},
  year={2008},
  publisher={SAGE Publications Sage CA: Los Angeles, CA}
}

@article{mayer2004,
  title={{Gendered Political Socialization in Four Contexts: Political Interest and Values Among Junior High School Students in China, Japan, Mexico, and the United States}},
  author={Mayer, Jeremy D. and Schmidt, Heather M.},
  journal={The Social Science Journal},
  volume={41},
  number={3},
  pages={393--407},
  year={2004},
  publisher={Elsevier}
}

@book{bashevkin1993,
  title={{Toeing the Lines: Women and Party Politics in English Canada}},
  author={Bashevkin, Sylvia},
  year={1993},
  publisher={Oxford University Press}
}

@article{klemmensen2012,
  title={{Heritability in Political Interest and Efficacy Across Cultures: Denmark and the United States}},
  author={Klemmensen, Robert and Hatemi, Peter K. and Hobolt, Sara B. and Skytthe, Axel and N{\o}rgaard, Asbj{\o}rn S.},
  journal={Twin Research and Human Genetics},
  volume={15},
  number={1},
  pages={15--20},
  year={2012},
  publisher={Cambridge University Press}
}

@article{fowler2008,
  title={Genetic Variation in Political Participation},
  author={Fowler, James H. and Baker, Laura A. and Dawes, Christopher T.},
  journal={American Political Science Review},
  volume={102},
  number={2},
  pages={233--248},
  year={2008},
  publisher={JSTOR}
}

@unpublished{maheo2019,
  title={{Get-Out-The-Children’s-Vote: A Field Experiment On Families’ Mobilization and Participation in the Election}},
  author={Mahéo, Valérie-Anne},
  year={2019}
}

@unpublished{maheo2018,
  title={{Socialization in Times of Elections: A Field Experiment on the Impact of Civic Education}},
  author={Mahéo, Valérie-Anne},
  year={2018}
}

@article{persson2015,
  title={{Classroom Climate and Political Learning: Findings from a Swedish Panel Study and Comparative Data}},
  author={Persson, Mikael},
  journal={Political Psychology},
  volume={36},
  number={5},
  pages={587--601},
  year={2015},
  publisher={Wiley Online Library}
}

@article{manganelli2015,
  title={{Italian Adolescents' Civic Engagement and Open Classroom Climate: The Mediating Role of Self-Efficacy}},
  author={Manganelli, Sara and Lucidi, Fabio and Alivernini, Fabio},
  journal={Journal of Applied Developmental Psychology},
  volume={41},
  number={1},
  pages={8--18},
  year={2015},
  publisher={Elsevier}
}

@article{knowles2015,
  title={{Connecting an Open Classroom Climate to Social Movement Citizenship: A Study of 8th Graders in Europe Using IEA ICCS data}},
  author={Knowles, Ryan T. and McCafferty-Wright, Jennice},
  journal={The Journal of Social Studies Research},
  volume={39},
  number={4},
  pages={255--269},
  year={2015},
  publisher={Elsevier}
}

@article{martens2013,
  title={{Civic Education and Democratic Capacity: How do Teachers Teach and What Works?}},
  author={Martens, Allison M. and Gainous, Jason},
  journal={Social Science Quarterly},
  volume={94},
  number={4},
  pages={956--976},
  year={2013},
  publisher={Wiley Online Library}
}

@article{hoskins2012,
  title={{Learning Citizenship through Social Participation Outside and Inside School: An International, Multilevel Study of Young People's Learning of Citizenship}},
  author={Hoskins, Bryony and Janmaat, Jan Germen and Villalba, Ernesto},
  journal={British Educational Research Journal},
  volume={38},
  number={3},
  pages={419--446},
  year={2012},
  publisher={Taylor \& Francis}
}

@article{godfrey2014,
  title={Teaching citizens: The role of open classroom climate in fostering critical consciousness among youth},
  author={Godfrey, Erin B and Grayman, Justina Kamiel},
  journal={Journal of youth and adolescence},
  volume={43},
  number={11},
  pages={1801--1817},
  year={2014},
  publisher={Springer}
}

@article{dassonneville2012,
  title={{The Relation Between Civic Education and Political Attitudes and Behavior: A Two-Year Panel Study Among Belgian Late Adolescents}},
  author={Dassonneville, Ruth and Quintelier, Ellen and Hooghe, Marc and Claes, Ellen},
  journal={Applied Developmental Science},
  volume={16},
  number={3},
  pages={140--150},
  year={2012},
  publisher={Taylor \& Francis}
}

@article{campbelldavid2008,
  title={{Voice in the Classroom: How an Open Classroom Climate Fosters Political Engagement Among Adolescents}},
  author={Campbell, David E.},
  journal={Political Behavior},
  volume={30},
  number={4},
  pages={437--454},
  year={2008},
  publisher={Springer}
}

@incollection{campbell2006,
  booktitle={{Measuring the Effects of Education on Health and Civic Engagement}},
  title={{What is Education's Impact on Civic and Social Engagement?}},
  author={Campbell, David E.},
  editor={Desjardins, Richard and Schuller, Tom},
  year={2006}
}

@article{lay2021,
  title={{TIME for Kids to Learn Gender Stereotypes: Analysis of Gender and Political Leadership in a Common Social Studies Resource for Children}},
  author={Lay, J. Celeste and Holman, Mirya R. and Bos, Angela L. and Greenlee, Jill S. and Oxley, Zoe M. and Buffett, Allison},
  journal={Politics \& Gender},
  volume={17},
  number={1},
  pages={1--22},
  year={2021},
  publisher={Cambridge University Press}
}

@article{blankenship1990,
  title={{Classroom Climate, Global Knowledge, Global Attitudes, Political Attitudes}},
  author={Blankenship, Glen},
  journal={Theory \& Research in Social Education},
  volume={18},
  number={4},
  pages={363--386},
  year={1990},
  publisher={Taylor \& Francis}
}

@article{campbell2007,
  title={{Sticking Together: Classroom Diversity and Civic Education}},
  author={Campbell, David E.},
  journal={American Politics Research},
  volume={35},
  number={1},
  pages={57--78},
  year={2007},
  publisher={SAGE Publications Sage CA: Thousand Oaks, CA}
}

@article{maurissen2018,
  title={{Deliberation in Citizenship Education: How the School Context Contributes to the Development of an Open Classroom Climate}},
  author={Maurissen, Lies and Claes, Ellen and Barber, Carolyn},
  journal={Social Psychology of Education},
  volume={21},
  number={4},
  pages={951--972},
  year={2018},
  publisher={Springer}
}

@article{ramos2019,
  title={{Abstentionism, Voting Advice Applications and Voting Activation}},
  author={Ramos, Javier and Padilla, Javier and Chueca, Enrique},
  journal={Statistics, Politics and Policy},
  volume={10},
  number={1},
  pages={55--85},
  year={2019},
  publisher={De Gruyter}
}

@article{alvarez2014,
  title={{Voting Advice Applications: How Useful and for Whom?}},
  author={Alvarez, R. Michael and Levin, Ines and Trechsel, Alexander H. and Vassil, Kristjan},
  journal={Journal of Information Technology \& Politics},
  volume={11},
  number={1},
  pages={82--101},
  year={2014},
  publisher={Taylor \& Francis}
}

@unpublished{andreadis2015,
  title={{Internet Penetration and Voting Advice Applications}},
  author={Andreadis, Ioannis and Wall, Matthew and Krouwel, André},
  year={2015}
}

@proceedings{hoff2013,
  title={{The (Non?) Importance of Voting Advice Applications}},
  author={Hoff, Jens and Farimagsgade, {\O}ster},
  organization={ECPR General Conference},
  volume={4},
  pages={7},
  year={2013}
}

@article{gemenis2014,
  title={{Voting Advice Applications and Electoral Turnout}},
  author={Gemenis, Kostas and Rosema, Martin},
  journal={Electoral Studies},
  volume={36},
  number={1},
  pages={281--289},
  year={2014},
  publisher={Elsevier}
}

@article{wheatley2016,
  title={{Cleavage Structures and Dimensions of Ideology in English Politics: Evidence from Voting Advice Application Data}},
  author={Wheatley, Jonathan},
  journal={Policy \& Internet},
  volume={8},
  number={4},
  pages={457--477},
  year={2016},
  publisher={Wiley Online Library}
}

@phdthesis{vassil2011,
  title={{Voting Smarter? The Impact of Voting Advice Applications on Political Behavior}},
  author={Vassil, Kristjan},
  school={European University Institute},
  year={2011}
}

@techreport{raab2003,
  title={{Voting Advice Applications in Europe: A Comparison Between Users in Different Countries}},
  author={Raab, Corinna},
  institution={University of Toronto},
  year={2013}
}

@article{pianzola2014,
  title={{Selection Biases in Voting Advice Application Research}},
  author={Pianzola, Joëlle},
  journal={Electoral Studies},
  volume={36},
  number={1},
  pages={272--280},
  year={2014},
  publisher={Elsevier}
}

@proceedings{marzuca2011,
  title={{Quest{\~a}o P{\'u}blica: First Voting Advice Application in Latin America}},
  author={Marzuca, Alejandra and Serdült, Uwe and Welp, Yanina},
  organization={International Conference on Electronic Participation},
  pages={216--227},
  year={2011},
  publisher={Springer}
}

@article{dhima2022,
  title={{Do Elites Discriminate against Female Political Aspirants? Evidence from a Field Experiment}},
  author={Dhima, Kostanca},
  journal={Politics \& Gender},
  volume={18},
  number={1},
  pages={126--157},
  year={2022},
  publisher={Cambridge University Press}
}

@article{yuan2018,
  title={{Talking Aggressively About GMOs? Examining the Effect of Aggressive Risk Communication with Communicator's Facial Expression and Gender}},
  author={Yuan, Shupei and Besley, John C.},
  journal={Journal of Risk Research},
  volume={21},
  number={12},
  pages={1592--1607},
  year={2018},
  publisher={Taylor \& Francis}
}

@phdthesis{shaw2002,
  title={{Language and Eender in Political Debates in the House of Commons}},
  author={Shaw, Sylvia},
  year={2002},
  school={Institute of Education, University of London}
}

@article{och2020,
  title={{Manterrupting in the German Bundestag: Gendered Opposition to Female Members of Parliament?}},
  author={Och, Malliga},
  journal={Politics \& Gender},
  volume={16},
  number={2},
  pages={388--408},
  year={2020},
  publisher={Cambridge University Press}
}

@proceedings{mandravickaite2017,
  title={Stylometric Analysis of Parliamentary Speeches: Gender Dimension},
  author={Mandravickait{\.e}, Justina and Krilavi{\v{c}}ius, Tomas},
  organization={6th Workshop on Balto-Slavic Natural Language Processing},
  pages={102--107},
  year={2017}
}

@proceedings{leavy2018,
  title={Gender Bias in Artificial Intelligence: The Need for Diversity and Gender Theory in Machine Learning},
  author={Leavy, Susan},
  organization={1st International Workshop on Gender Equality in Software Engineering},
  pages={14--16},
  year={2018}
}

@article{koppel2002,
  title={{Automatically Categorizing Written Texts by Author Gender}},
  author={Koppel, Moshe and Argamon, Shlomo and Shimoni, Anat Rachel},
  journal={Literary and Linguistic Computing},
  volume={17},
  number={4},
  pages={401--412},
  year={2002},
  publisher={Oxford University Press}
}

@article{kathlene1994,
  title={{Power and Influence in State Legislative Policymaking: The Interaction of Gender and Position in Committee Hearing Debates}},
  author={Kathlene, Lyn},
  journal={American Political Science Review},
  volume={88},
  number={3},
  pages={560--576},
  year={1994},
  publisher={JSTOR}
}

@proceedings{kabil2018,
  title={{On Learning to Identify Genders from Raw Speech Signal Using CNNs}},
  author={Kabil, Selen Hande and Muckenhirn, Hannah and Magimai-Doss, Mathew},
  organization={Interspeech},
  pages={287--291},
  year={2018}
}

@proceedings{hansen2018,
  title={{A Pilot Gender Study of the Danish Parliament Corpus}},
  author={Hansen, Dorte Haltrup and Navarretta, Costanza and Offersgaard, Lene},
  organization={ParlaCLARIN Workshop at 11th Edition of the Language Resources and Evaluation Conference},
  address={Japan},
  year={2018}
}

@article{deitrick2012,
  title={{Gender Identification on Twitter Using the Modified Balanced Winnow}},
  author={Deitrick, William and Miller, Zachary and Valyou, Benjamin and Dickinson, Brian and Munson, Timothy and Hu, Wei},
  journal={Communications and Network},
  volume={4},
  number={3},
  pages={189--195},
  year={2012},
  publisher={Scientific Research Publishing}
}

@article{cheng2011,
  title={{Author Gender Identification from Text}},
  author={Cheng, Na and Chandramouli, Rajarathnam and Subbalakshmi, KP},
  journal={Digital Investigation},
  volume={8},
  number={1},
  pages={78--88},
  year={2011},
  publisher={Elsevier}
}

@proceedings{bolukbasi2016,
  title={{Man is to Computer Programmer as Woman is to Homemaker? Debiasing Word Embeddings}},
  author={Bolukbasi, Tolga and Chang, Kai-Wei and Zou, James Y. and Saligrama, Venkatesh and Kalai, Adam T.},
  organization={Advances in Neural Information Processing Systems},
  pages={4349--4357},
  year={2016}
}

@article{beltran2021,
  title={{Male and Female Politicians on Twitter: A Machine Learning Approach}},
  author={Beltran, Javier and Gallego, Aina and Huidobro, Alba and Romero, Enrique and Padr{\'o}, Llu{\i}s},
  journal={European Journal of Political Research},
  volume={60},
  pages={239--251},
  year={2021},
  publisher={Wiley Online Library}
}

@article{banwart2005,
  title={{A Gendered Influence in Campaign Debates? Analysis of Mixed-Gender United States Senate and Gubernatorial Debates}},
  author={Banwart, Mary Christine and McKinney, Mitchell S.},
  journal={Communication Studies},
  volume={56},
  number={4},
  pages={353--373},
  year={2005},
  publisher={Taylor \& Francis}
}

@article{argamon2003,
  title={{Gender, Genre, and Writing Style in Formal Written Texts}},
  author={Argamon, Shlomo and Koppel, Moshe and Fine, Jonathan and Shimoni, Anat Rachel},
  journal={Text \& Talk},
  volume={23},
  number={3},
  pages={321--346},
  year={2003},
  publisher={De Gruyter Berlin, Germany}
}

@proceedings{thomas2006,
  title={{More Subject than Citizen: Age, Gender and Political Disengagement in Canada}},
  author={Thomas, Melanee and Young, Lisa},
  organization={Annual Meeting of the Canadian Political Science Association},
  address={York University, Toronto, ON},
  year={2006}
}

@article{bhatti2012b,
  title={{Retiring from Voting: Turnout Among Senior Voters}},
  author={Bhatti, Yosef and Hansen, Kasper M.},
  journal={Journal of Elections, Public Opinion \& Parties},
  volume={22},
  number={4},
  pages={479--500},
  year={2012},
  publisher={Taylor \& Francis}
}

@article{kostelka2019,
  title={{Has the Gender Gap in Voter Turnout Really Disappeared?}},
  author={Kostelka, Filip and Blais, André and Gidengil, Elisabeth},
  journal={West European Politics},
  volume={42},
  number={3},
  pages={437--463},
  year={2019},
  publisher={Taylor \& Francis}
}

@article{hayes1993,
  title={{Gender and Local Political Interest: Some International Comparisons}},
  author={Hayes, Bernadette C. and Bean, Clive S.},
  journal={Political Studies},
  volume={41},
  number={4},
  pages={672--682},
  year={1993},
  publisher={SAGE Publications Sage UK: London, England}
}

@article{dassonneville2018,
  title={{Gender, Political Knowledge, and Descriptive Representation: The Impact of Long-Term Socialization}},
  author={Dassonneville, Ruth and McAllister, Ian},
  journal={American Journal of Political Science},
  volume={62},
  number={2},
  pages={249--265},
  year={2018},
  publisher={Wiley Online Library}
}

@article{fraile2014,
  title={{Do Women Know Less About Politics than Men? The Gender Gap in Political Knowledge in Europe}},
  author={Fraile, Marta},
  journal={Social Politics},
  volume={21},
  number={2},
  pages={261--289},
  year={2014},
  publisher={Oxford University Press}
}

@article{kittilson2010,
  title={Engaging Citizens: The Role of Power-Sharing Institutions},
  author={Kittilson, Miki Caul and Schwindt-Bayer, Leslie},
  journal={The Journal of Politics},
  volume={72},
  number={4},
  pages={990--1002},
  year={2010},
  publisher={Cambridge University Press New York, USA}
}

@article{wolbrecht2007,
  title={{Leading by Example: Female Members of Parliament as Political Role Models}},
  author={Wolbrecht, Christina and Campbell, David E.},
  journal={American Journal of Political Science},
  volume={51},
  number={4},
  pages={921--939},
  year={2007},
  publisher={Wiley Online Library}
}

@article{inglehart1981,
  title={{Political Interest in West European Women: An Historical and Empirical Comparative Analysis}},
  author={Inglehart, Margaret L.},
  journal={Comparative Political Studies},
  volume={14},
  number={3},
  pages={299--326},
  year={1981},
  publisher={SAGE Publications Sage CA: Los Angeles, CA}
}

@article{kay1987,
  title={{Gender and Political Activity in Canada, 1965--1984}},
  author={Kay, Barry J. and Lambert, Ronald D. and Brown, Steven D. and Curtis, James E.},
  journal={Canadian Journal of Political Science/Revue canadienne de science politique},
  volume={20},
  number={4},
  pages={851--863},
  year={1987},
  publisher={Cambridge University Press}
}

@article{atkeson2003,
  title={{Not All Cues Are Created Equal: The Conditional Impact of Female Candidates on Political Engagement}},
  author={Atkeson, Lonna Rae},
  journal={The Journal of Politics},
  volume={65},
  number={4},
  pages={1040--1061},
  year={2003}
}

@article{beauvais2020,
  title={{The Gender Gap in Political Discussion Group Attendance}},
  author={Beauvais, Edana},
  journal={Politics \& Gender},
  volume={16},
  number={2},
  pages={315--338},
  year={2020},
  publisher={Cambridge University Press}
}

@article{beauregard2014,
  title={{Gender, Political Participation and Electoral Systems: A Cross-National Analysis}},
  author={Beauregard, Katrine},
  journal={European Journal of Political Research},
  volume={53},
  number={3},
  pages={617--634},
  year={2014},
  publisher={Wiley Online Library}
}

@article{coffe2010,
  title={{Same Game, Different Rules? Gender Differences in Political Participation}},
  author={Coffé, Hilde and Bolzendahl, Catherine},
  journal={Sex Roles},
  volume={62},
  number={5-6},
  pages={318--333},
  year={2010},
  publisher={Springer}
}

@article{cordova2017,
  title={{Addressing the Gender Gap: The Effect of Compulsory Voting on Women’s Electoral Engagement}},
  author={C{\'o}rdova, Abby and Rangel, Gabriela},
  journal={Comparative Political Studies},
  volume={50},
  number={2},
  pages={264--290},
  year={2017},
  publisher={SAGE Publications Sage CA: Los Angeles, CA}
}

@book{inglehart2003,
  title={{Rising Tide: Gender Equality and Cultural Change Around the World}},
  author={Inglehart, Ronald and Norris, Pippa},
  year={2003},
  publisher={Cambridge University Press}
}

@article{ondercin2011,
  title={{Gender Jeopardy: What is the Impact of Gender Differences in Political Knowledge on Political Participation?}},
  author={Ondercin, Heather L. and Jones-White, Daniel},
  journal={Social Science Quarterly},
  volume={92},
  number={3},
  pages={675--694},
  year={2011},
  publisher={Wiley Online Library}
}

@article{prior2010,
  title={{You've Either Got It or you Don’t? The Stability of Political Interest over the Life Cycle}},
  author={Prior, Markus},
  journal={The Journal of Politics},
  volume={72},
  number={3},
  pages={747--766},
  year={2010},
  publisher={Cambridge University Press New York, USA}
}

@article{campbellrosie2008,
  title={{Understanding Men's and Women's Political Interests: Evidence from a Study of Gendered Political Attitudes}},
  author={Campbell, Rosie and Winters, Kristi},
  journal={Journal of Elections, Public Opinion and Parties},
  volume={18},
  number={1},
  pages={53--74},
  year={2008},
  publisher={Taylor \& Francis}
}

@article{gidengil2010,
  title={{Her Mother's Daughter? The Influence of Childhood Socialization on Women's Political Engagement}},
  author={Gidengil, Elisabeth and O'Neill, Brenda and Young, Lisa},
  journal={Journal of Women, Politics \& Policy},
  volume={31},
  number={4},
  pages={334--355},
  year={2010},
  publisher={Taylor \& Francis}
}

@article{bennett1989,
  title={{Enduring Gender Differences in Political Interest: The Impact of Socialization and Political Dispositions}},
  author={Bennett, Linda L. M. and Bennett, Stephen Earl},
  journal={American Politics Quarterly},
  volume={17},
  number={1},
  pages={105--122},
  year={1989},
  publisher={SAGE Publications}
}

@article{mcpherson2001,
  title={{Birds of a Feather: Homophily in Social Networks}},
  author={McPherson, Miller and Smith-Lovin, Lynn and Cook, James M.},
  journal={Annual Review of Sociology},
  volume={27},
  number={1},
  pages={415--444},
  year={2001},
  publisher={Annual Reviews 4139 El Camino Way, PO Box 10139, Palo Alto, CA 94303-0139, USA}
}

@incollection{huckfeldt1995,
  title={{Gender Effects on Political Discussion: The Political Networks of Men and Women}},
  author={Huckfeldt, Robert and Sprague, John},
  booktitle={{Citizens, Politics and Social Communication: Information and Influence in an Election Campaign}},
  year={1995},
  publisher={Cambridge University Press}
}

@article{gidengil2008,
  title={{The Gender Gap in Self-Perceived Understanding of Politics in Canada and the United States}},
  author={Gidengil, Elisabeth and Giles, Janine and Thomas, Melanee},
  journal={Politics \& Gender},
  volume={4},
  number={4},
  pages={535--561},
  year={2008},
  publisher={Cambridge University Press}
}

@article{harell2013,
  title={{Locating the Aboriginal Gender Gap: The Political Attitudes and Participation of Aboriginal Women in Canada}},
  author={Harell, Allison and Panagos, Dimitrios},
  journal={Politics \& Gender},
  volume={9},
  number={4},
  pages={414--38},
  year={2013},
  publisher={Cambridge University Press}
}

@article{oneill2015,
  title={{Unpacking Gender's Role in Political Representation in Canada}},
  author={O'Neill, Brenda},
  journal={Canadian Parliamentary Review},
  volume={38},
  number={2},
  pages={19--27},
  year={2015},
  publisher={Canadian Parliamentary Association}
}

@article{galais2019,
  title={{Is There a Gender Gap in the Sense of Duty to Vote?}},
  author={Galais, Carol and Blais, André},
  journal={Societies},
  volume={9},
  number={4},
  pages={1--15},
  year={2019},
  publisher={Multidisciplinary Digital Publishing Institute}
}

@article{golder2017,
  title={{Votes for Women: Electoral Systems and Support for Female Candidates}},
  author={Golder, Sona N. and Stephenson, Laura B. and van der Straeten, Karine and Blais, André and Bol, Damien and Harfst, Philipp and Laslier, Jean-François},
  journal={Politics \& Gender},
  volume={13},
  number={1},
  pages={107--131},
  year={2017},
  publisher={Cambridge University Press}
}

@article{holli2010,
  title={{Gender-Based Voting in the Parliamentary Elections of 2007 in Finland}},
  author={Holli, Anne Maria and Wass, Hanna},
  journal={European Journal of Political Research},
  volume={49},
  number={5},
  pages={598--630},
  year={2010},
  publisher={Wiley Online Library}
}

@article{gidengil2016b,
  title={{Political Socialization and Voting: The Parent--Child Link in Turnout}},
  author={Gidengil, Elisabeth and Wass, Hanna and Valaste, Maria},
  journal={Political Research Quarterly},
  volume={69},
  number={2},
  pages={373--383},
  year={2016},
  publisher={SAGE Publications Sage CA: Los Angeles, CA}
}

@article{noller1985,
  title={{Parent-Adolescent Communication}},
  author={Noller, Patricia and Bagi, Stephen},
  journal={Journal of Adolescence},
  volume={8},
  number={2},
  pages={125--144},
  year={1985},
  publisher={Elsevier}
}

@article{bhatti2019,
  title={{Can you Deliver a Baby and Vote? The Effect of the First Stages of Parenthood on Voter Turnout}},
  author={Bhatti, Yosef and Hansen, Kasper M. and Naurin, Elin and Stolle, Dietlind and Wass, Hanna},
  journal={Journal of Elections, Public Opinion and Parties},
  volume={29},
  number={1},
  pages={61--81},
  year={2019},
  publisher={Taylor \& Francis}
}

@article{stolle2011,
  title={{Shifting Inequalities: Patterns of Exclusion and Inclusion in Emerging Forms of Political Participation}},
  author={Stolle, Dietlind and Hooghe, Marc},
  journal={European Societies},
  volume={13},
  number={1},
  pages={119--142},
  year={2011},
  publisher={Taylor \& Francis}
}

@article{hooghe2004,
  title={{Good Girls Go to the Polling Booth, Bad Boys Go Everywhere: Gender Differences in Anticipated Political Participation among American Fourteen-Year-Olds}},
  author={Hooghe, Marc and Stolle, Dietlind},
  journal={Women \& Politics},
  volume={26},
  number={3-4},
  pages={1--23},
  year={2004},
  publisher={Taylor \& Francis}
}

@article{sheffer2018,
  title={{Nonrepresentative Representatives: An Experimental Study of the Decision Making of Elected Politicians}},
  author={Sheffer, Lior and Loewen, Peter John and Soroka, Stuart and Walgrave, Stefaan and Sheafer, Tamir},
  journal={The American Political Science Review},
  volume={112},
  number={2},
  pages={302--321},
  year={2018},
  publisher={Cambridge University Press}
}

@article{loewen2012,
  title={{The Heritability of Duty and Voter Turnout}},
  author={Loewen, Peter John and Dawes, Christopher T.},
  journal={Political Psychology},
  volume={33},
  number={3},
  pages={363--373},
  year={2012},
  publisher={JSTOR}
}

@article{quintelier2015,
  title={{Engaging Adolescents in Politics: The Longitudinal Effect of Political Socialization Agents}},
  author={Quintelier, Ellen},
  journal={Youth \& Society},
  volume={47},
  number={1},
  pages={51--69},
  year={2015},
  publisher={Sage Publications Sage CA: Los Angeles, CA}
}

@article{quintelier2010,
  title={{The Effect of Schools on Political Participation: A Multilevel Logistic Analysis}},
  author={Quintelier, Ellen},
  journal={Research Papers in Education},
  volume={25},
  number={2},
  pages={137--154},
  year={2010},
  publisher={Taylor \& Francis}
}

@article{quintelier2013,
  title={{The Relationship Between Political Participation Intentions of Adolescents and a Participatory Democratic Climate at School in 35 Countries}},
  author={Quintelier, Ellen and Hooghe, Marc},
  journal={Oxford Review of Education},
  volume={39},
  number={5},
  pages={567--589},
  year={2013},
  publisher={Taylor \& Francis}
}

@article{alozie2003,
  title={{Gender and Political Orientation in Childhood}},
  author={Alozie, Nicholas O. and Simon, James and Merrill, Bruce D.},
  journal={The Social Science Journal},
  volume={40},
  number={1},
  pages={1--18},
  year={2003},
  publisher={Taylor \& Francis}
}

@article{atkesonrapoport2003,
  title={{The More Things Change the More they Stay the Same: Examining Gender Differences in Political Attitude Expression, 1952--2000}},
  author={Atkeson, Lonna Rae and Rapoport, Ronald B.},
  journal={Public Opinion Quarterly},
  volume={67},
  number={4},
  pages={495--521},
  year={2003},
  publisher={Oxford University Press}
}

@article{rosenthal2003,
  title={{Gendered Discourse in the Political Behavior of Adolescents}},
  author={Rosenthal, Cindy Simon and Jones, Jocelyn and Rosenthal, James A},
  journal={Political Research Quarterly},
  volume={56},
  number={1},
  pages={97--104},
  year={2003},
  publisher={Sage Publications Sage CA: Thousand Oaks, CA}
}

@book{mahony1985,
  title={{Schools for the Boys?: Co-Education Reassessed}},
  author={Mahony, Pat},
  year={1985},
  publisher={Hutchinson Publishing Group},
  address={London}
}

@article{carreras2018,
  title={{Why No Gender Gap in Electoral Participation? A Civic Duty Explanation}},
  author={Carreras, Miguel},
  journal={Electoral Studies},
  volume={52},
  pages={36--45},
  year={2018},
  publisher={Elsevier}
}

@article{pereira2015,
  title={Young and Gapped? Political Knowledge of Girls and Boys in Europe},
  author={Pereira, M{\'o}nica Ferr{\i}n and Fraile, Marta and Rubal, Marti{\~n}o},
  journal={Political Research Quarterly},
  volume={68},
  number={1},
  pages={63--76},
  year={2015},
  publisher={Sage Publications Sage CA: Los Angeles, CA}
}

@article{ferrin2020,
  title={{The Gender Gap in Political Interest Revisited}},
  author={Ferrin, Monica and Fraile, Marta and Garc{\i}a-Albacete, Gema M. and Gomez, Raul},
  journal={International Political Science Review},
  volume={41},
  number={4},
  pages={473--489},
  year={2020},
  publisher={Sage Publications Sage UK: London, England}
}

@article{dassonneville2021,
  title={{The Cultural Sources of the Gender Gap in Voter Turnout}},
  author={Dassonneville, Ruth and Kostelka, Filip},
  journal={{British Journal of Political Science}},
  volume={51},
  number={3},
  pages={1040--1061},
  year={2021},
  publisher={Cambridge University Press}
}

@article{fraile2017,
  title={{Bridging the Enduring Gender Gap in Political Interest in Europe: The Relevance of Promoting Gender Equality}},
  author={Fraile, Marta and Gomez, Raul},
  journal={European Journal of Political Research},
  volume={56},
  number={3},
  pages={601--618},
  year={2017},
  publisher={Wiley Online Library}
}

@article{fortinrittberger2016,
  title={Cross-National Gender Gaps in Political Knowledge: How Much is Due to Context?},
  author={Fortin-Rittberger, Jessica},
  journal={Political Research Quarterly},
  volume={69},
  number={3},
  pages={391--402},
  year={2016},
  publisher={SAGE Publications Sage CA: Los Angeles, CA}
}

@article{bos2020,
  title={{100 Years of Suffrage and Girls Still Struggle to Find their "Fit"" in Politics}},
  author={Bos, Angela L. and Holman, Mirya R. and Greenlee, Jill S. and Oxley, Zoe M. and Lay, J. Celeste},
  journal={PS: Political Science \& Politics},
  volume={53},
  number={3},
  pages={474--478},
  year={2020},
  publisher={Cambridge University Press}
}

@article{campbellwolbrecht2006,
  title={{See Jane Run: Women Politicians as Role Models for Adolescents}},
  author={Campbell, David E. and Wolbrecht, Christina},
  journal={The Journal of Politics},
  volume={68},
  number={2},
  pages={233--247},
  year={2006},
  publisher={Cambridge University Press New York, USA}
}

@unpublished{dawes2009,
  title={The CHRNA6 Gene, Patience, and Voter Turnout},
  author={Dawes, Christopher T. and Loewen, Peter John},
  year={2009}
}

@article{diekman2004,
  title={{Learning to be Little Women and Little Men: The Inequitable Gender Equality of Nonsexist Children's Literature}},
  author={Diekman, Amanda B. and Murnen, Sarah K.},
  journal={Sex Roles},
  volume={50},
  number={5-6},
  pages={373--385},
  year={2004},
  publisher={Springer}
}

@article{pavcogiaccia2019,
  title={{Rationality is Gendered}},
  author={Pavco-Giaccia, Olivia and Little, Martha Fitch and Stanley, Jason and Dunham, Yarrow},
  journal={Collabra: Psychology},
  volume={5},
  number={1},
  pages={1--15},
  year={2019},
  publisher={The Regents of the University of California}
}

@article{infante1996,
  title={{Argumentativeness and Verbal Aggressiveness: A Review of Recent Theory and Research}},
  author={Infante, Dominic A. and Rancer, Andrew S.},
  journal={Annals of the International Communication Association},
  volume={19},
  number={1},
  pages={319--352},
  year={1996},
  publisher={Taylor \& Francis}
}

@article{catalano2009,
  title={{Women Acting for Women? An Analysis of Gender and Debate Participation in the British House of Commons 2005--2007}},
  author={Catalano, Ana},
  journal={Politics \& Gender},
  volume={5},
  number={1},
  pages={45--68},
  year={2009},
  publisher={Cambridge University Press}
}

@article{foos2020,
  title={{Does Exposure to Gender Role models Increase Women’s Political Ambition? A Field Experiment with Politicians}},
  author={Foos, Florian and Gilardi, Fabrizio},
  journal={Journal of Experimental Political Science},
  volume={7},
  number={3},
  pages={157--166},
  year={2020},
  publisher={Cambridge University Press}
}

@article{beauregard2018,
  title={{Women's Representation and Gender Gaps in Political Participation: Do Time and Success Matter in a Cross-National Perspective?}},
  author={Beauregard, Katrine},
  journal={Politics, Groups, and Identities},
  volume={6},
  number={2},
  pages={237--263},
  year={2018},
  publisher={Taylor \& Francis}
}

@book{parsons2007,
  title={{How to Map Arguments in Political Science}},
  author={Parsons, Craig},
  year={2007},
  publisher={Oxford University Press}
}

@article{tremblay2020,
  title={{What Do We Know About Campaign Pledge Evaluation Tools?}},
  author={Tremblay-Antoine, Camille and Côté, Guillaume and Dufresne, Yannick and Birch, Lisa},
  journal={Journal of Information Technology \& Politics},
  volume={17},
  number={3},
  pages={304--320},
  year={2020},
  publisher={Taylor \& Francis}
}

@article{vanderlinden2017,
  title={{The Curse of Dimensionality in Voting Advice Applications: Reliability and Validity in Algorithm Design}},
  author={van der Linden, Clifton and Dufresne, Yannick},
  journal={Journal of Elections, Public Opinion and Parties},
  volume={27},
  number={1},
  pages={9--30},
  year={2017},
  publisher={Taylor \& Francis}
}


@article{maheo2016,
  title={{The Impact of Voting Advice Applications on Electoral Preferences: A Field Experiment in the 2014 Quebec Election}},
  author={Mahéo, Valérie-Anne},
  journal={Policy \& Internet},
  volume={8},
  number={4},
  pages={391--411},
  year={2016},
  publisher={Wiley Online Library}
}

@article{fraile2020,
  title={{Tracing the Gender Gap in Political Interest over the Life Span: A Panel Analysis}},
  author={Fraile, Marta and S{\'a}nchez-V{\'i}tores, Irene},
  journal={Political Psychology},
  volume={41},
  number={1},
  pages={89--106},
  year={2020},
  publisher={Wiley Online Library}
}

@article{tolley2022,
  title={{Who Controls the Purse Strings? A Longitudinal Study of Gender and Donations in Canadian Politics}},
  author={Tolley, Erin and Besco, Randy and Sevi, Semra},
  journal={Politics \& Gender},
  volume={18},
  number={1},
  pages={244--272},
  year={2022},
  publisher={Cambridge University Press}
}

@mathesis{beauregard2008,
  title={{L'intérêt politique chez les adolescents selon les sexes}},
  author={Beauregard, Katrine},
  year={2008},
  school={Université de Montréal}
}

@incollection{gavray2012,
  author={Gavray, Claire and Born, Michel and Waxweiler, Charline},
  publisher={{Les Presses de l'Université Laval}},
  booktitle={{Engagements citoyens et politiques de jeunes~: bilans et expériences au Canada et en Europe}},
  title={{La dimension du genre dans l'étude de la participation sociale, civique et politique}},
  year={2012},
  editor={Fournier, Bernard and Hudon, Raymond},
  address={Quebec City, QC}
}

@article{lowndes2004,
  title={{Getting On or Getting By? Women, Social Capital and Political Participation}},
  author={Lowndes, Vivien},
  journal={The British Journal of Politics \& International Relations},
  volume={6},
  number={1},
  pages={45--64},
  year={2004},
  publisher={Wiley Online Library}
}

@article{buhlmann2012,
  title={{Representation Matters: The Impact of Descriptive Women's Representation on the Political Involvement of Women}},
  author={B{\"u}hlmann, Marc and Sch{\"a}del, Lisa},
  journal={Representation},
  volume={48},
  number={1},
  pages={101--114},
  year={2012}
}

@article{mondak2004,
  title={{The Knowledge Gap: A Reexamination of Gender-Based Differences in Political Knowledge}},
  author={Mondak, Jeffery J. and Anderson, Mary R.},
  journal={The Journal of Politics},
  volume={66},
  number={2},
  pages={492--512},
  year={2004},
  publisher={Cambridge University Press New York, USA}
}

@article{thomas2012,
  title={{The Complexity Conundrum: Why Hasn't the Gender Gap in Subjective Political Competence Closed?}},
  author={Thomas, Melanee},
  journal={Canadian Journal of Political Science/Revue canadienne de science politique},
  volume={45},
  number={2},
  pages={337--358},
  year={2012},
  publisher={Cambridge University Press}
}

@article{frazer2003,
  title={{Sex Differences in Political Knowledge in Britain}},
  author={Frazer, Elizabeth and Macdonald, Kenneth},
  journal={Political Studies},
  volume={51},
  number={1},
  pages={67--83},
  year={2003},
  publisher={Wiley Online Library}
}

@article{lizotte2009,
  title={{Explaining the Gender Gap in Political Knowledge}},
  author={Lizotte, Mary-Kate and Sidman, Andrew H.},
  journal={Politics \& Gender},
  volume={5},
  number={2},
  pages={127--151},
  year={2009},
  publisher={Cambridge University Press}
}

@article{mcglone2006,
  title={{Stereotype Threat and the Gender Gap in Political Knowledge}},
  author={McGlone, Matthew S. and Aronson, Joshua and Kobrynowicz, Diane},
  journal={Psychology of Women Quarterly},
  volume={30},
  number={4},
  pages={392--398},
  year={2006},
  publisher={SAGE Publications Sage CA: Los Angeles, CA}
}

@article{pruysers2014,
  title={{Anything Women Can Do Men Can Do Better: An Experiment Examining the Effects of Stereotype Threat on Political Knowledge and Efficacy}},
  author={Pruysers, Scott and Blais, Julie},
  journal={The Social Science Journal},
  volume={51},
  number={3},
  pages={341--349},
  year={2014},
  publisher={Elsevier}
}

@article{prior2008,
  title={{Money, Time, and Political Knowledge: Distinguishing Quick Recall and Political Learning Skills}},
  author={Prior, Markus and Lupia, Arthur},
  journal={American Journal of Political Science},
  volume={52},
  number={1},
  pages={169--183},
  year={2008},
  publisher={Wiley Online Library}
}

@article{dow2009,
  title={{Gender Differences in Political Knowledge: Distinguishing Characteristics-Based and Returns-Based Differences}},
  author={Dow, Jay K.},
  journal={Political Behavior},
  volume={31},
  number={1},
  pages={117--136},
  year={2009},
  publisher={Springer}
}

@article{hooghe2015,
  title={{The Intergenerational Transmission of Voting Intentions in a Multiparty Setting: An Analysis of Voting Intentions and Political Discussion Among 15-Year-Old Adolescents and their Parents in Belgium}},
  author={Hooghe, Marc and Boonen, Joris},
  journal={Youth \& Society},
  volume={47},
  number={1},
  pages={125--147},
  year={2015},
  publisher={Sage Publications Sage CA: Los Angeles, CA}
}

@incollection{leaper2014,
  title={{Sexism in Schools}},
  author={Leaper, Campbell and Brown, Christia Spears},
  booktitle={{Advances in Child Development and Behavior}},
  volume={47},
  pages={189--223},
  year={2014},
  publisher={Elsevier}
}

@article{gouvias2018,
  title={{Sexist Stereotypes in the Language Textbooks of the Greek Primary School: A Multidimensional Approach}},
  author={Gouvias, Dionysios and Alexopoulos, Christos},
  journal={Gender and Education},
  volume={30},
  number={5},
  pages={642--662},
  year={2018},
  publisher={Taylor \& Francis}
}

@article{jones2004,
  title={{A Meta-Analytic Perspective on Sex Equity in the Classroom}},
  author={Jones, Susanne M. and Dindia, Kathryn},
  journal={Review of Educational Research},
  volume={74},
  number={4},
  pages={443--471},
  year={2004},
  publisher={Sage Publications Sage CA: Thousand Oaks, CA}
}

@article{jones2009,
  title={{Transforming Masculinist Political Cultures? Doing Politics in New Political Institutions}},
  author={Jones, Stephanie and Charles, Nickie and Davies, Charlotte Aull},
  journal={Sociological Research Online},
  volume={14},
  number={2},
  pages={1--13},
  year={2009},
  publisher={SAGE Publications Sage UK: London, England}
}

@article{dahlerup1988,
  title={{From a Small to a Large Minority: Women in Scandinavian Politics}},
  author={Dahlerup, Drude},
  journal={Scandinavian Political Studies},
  volume={11},
  number={4},
  pages={275--298},
  year={1988},
  publisher={Wiley Online Library}
}

@misc{ipu2024,
  title={{Monthly Ranking of Women in National Parliaments}},
  author={{Inter-Parliamentary Union Parline}},
  year={2024},
	howpublished={\url{https://data.ipu.org/women-ranking/}},
	note={Page consulted April 27, 2024}
}

@misc{usnews2020,
  title={{Monthly Ranking of Women in National Parliaments}},
  author={{US News \& World Report}},
  year={2020},
	howpublished={\url{https://www.usnews.com/news/best-countries/best-women}},
	note={Page consulted December 27th, 2020}
}

@misc{em22020,
  title={{Harnessing the Power of Data for Gender Quality: Introducing the 2019 EM2030 SDG Gender Index}},
  author={{Equal Measures 2030}},
  year={2020},
	howpublished={\url{https://ods.ceipaz.org/wp-content/uploads/2019/06/EM2030_2019_Global_Report_ENG.pdf}},
	note={Page consulted October 15th, 2024}
}

@article{conant2019,
  title={{The Best and Worst Countries to be a Woman}},
  author={Conant, Eve},
  journal={National Geographic},
  year={2019},
	url={https://www.nationalgeographic.com/culture/2019/10/peril-progress-prosperity-womens-well-being-around-the-world-feature/},
	note={Page consulted December 27th, 2020}
}

@article{mcintosh2007,
  title={{The Influence of Family Political Discussion on Youth Civic Development: Which Parent Qualities Matter?}},
  author={McIntosh, Hugh and Hart, Daniel and Youniss, James},
  journal={PS: Political Science and Politics},
  volume={40},
  number={3},
  pages={495--499},
  year={2007},
  publisher={JSTOR}
}

@article{cicognani2012,
  title={{Gender Differences in Youths’ Political Engagement and Participation. The Role of Parents and of Adolescents’ Social and Civic Participation}},
  author={Cicognani, Elvira and Zani, Bruna and Fournier, Bernard and Gavray, Claire and Born, Michel},
  journal={Journal of Adolescence},
  volume={35},
  number={3},
  pages={561--576},
  year={2012},
  publisher={Elsevier}
}

@article{warren2011,
  title={{Political Socialization: Modeling Teen Political and Civic Engagement}},
  author={Warren, Ron and Wicks, Robert H.},
  journal={Journalism \& Mass Communication Quarterly},
  volume={88},
  number={1},
  pages={156--175},
  year={2011},
  publisher={SAGE Publications Sage CA: Los Angeles, CA}
}

@article{rapoport1985,
  title={{Like Mother, Like Daughter: Intergenerational Transmission of DK Response Rates}},
  author={Rapoport, Ronald B.},
  journal={Public Opinion Quarterly},
  volume={49},
  number={2},
  pages={198--208},
  year={1985},
  publisher={Oxford University Press}
}

@article{jennings2009,
  title={{Politics Across Generations: Family Transmission Reexamined}},
  author={Jennings, M. Kent and Stoker, Laura and Bowers, Jake},
  journal={The Journal of Politics},
  volume={71},
  number={3},
  pages={782--799},
  year={2009},
  publisher={Cambridge University Press New York, USA}
}

@article{owen1988,
  title={{Gender Differences in the Politicization of American Children}},
  author={Owen, Diana and Dennis, Jack},
  journal={Women \& Politics},
  volume={8},
  number={2},
  pages={23--43},
  year={1988},
  publisher={Taylor \& Francis}
}

@article{bussey1999,
  title={{Social Cognitive Theory of Gender Development and Differentiation}},
  author={Bussey, Kay and Bandura, Albert},
  journal={Psychological review},
  volume={106},
  number={4},
  pages={676--713},
  year={1999},
  publisher={American Psychological Association}
}

@article{shulman2014,
  title={{Predicting Success: Revisiting Assumptions About Family Political Socialization}},
  author={Shulman, Hillary C. and DeAndrea, David C.},
  journal={Communication Monographs},
  volume={81},
  number={3},
  pages={386--406},
  year={2014},
  publisher={Taylor \& Francis}
}

@article{campbell1979,
  title={{Theory Building in Political Socialization: Explorations of Political Trust and Social Learning Theory}},
  author={Campbell, Bruce A.},
  journal={American Politics Quarterly},
  volume={7},
  number={4},
  pages={453--469},
  year={1979},
  publisher={Sage Publications Sage CA: Thousand Oaks, CA}
}

@article{bhatti2012a,
  title={{Leaving the Nest and the Social Act of Voting: Turnout Among First-Time Voters}},
  author={Bhatti, Yosef and Hansen, Kasper M.},
  journal={Journal of Elections, Public Opinion \& Parties},
  volume={22},
  number={4},
  pages={380--406},
  year={2012},
  publisher={Taylor \& Francis}
}

@article{mcclurg2003,
  title={{Social Networks and Political Participation: The Role of Social Interaction in Explaining Political Participation}},
  author={McClurg, Scott D.},
  journal={Political Research Quarterly},
  volume={56},
  number={4},
  pages={449--464},
  year={2003},
  publisher={Sage Publications Sage CA: Thousand Oaks, CA}
}

@article{pattie2009,
  title={{Conversation, Disagreement and Political Participation}},
  author={Pattie, Charles J. and Johnston, Ronald J.},
  journal={Political Behavior},
  volume={31},
  number={2},
  pages={261--285},
  year={2009},
  publisher={Springer}
}

@article{mutz2002,
  title={{The Consequences of Cross-Cutting Networks for Political Participation}},
  author={Mutz, Diana C.},
  journal={American Journal of Political Science},
  pages={838--855},
  volume={46},
  number={4},
  year={2002},
  publisher={JSTOR}
}

@article{lee2012,
  title={{Processes of Political Socialization: A Communication Mediation Approach to Youth Civic Engagement}},
  author={Lee, Nam-Jin and Shah, Dhavan V. and McLeod, Jack M.},
  journal={Communication Research},
  volume={40},
  number={5},
  pages={669--697},
  year={2012},
  publisher={Sage Publications Sage CA: Los Angeles, CA}
}

@article{quintelier2012,
  title={{Politics in Peer Groups: Exploring the Causal Relationship Between Network Diversity and Political Participation}},
  author={Quintelier, Ellen and Stolle, Dietlind and Harell, Allison},
  journal={Political Research Quarterly},
  volume={65},
  number={4},
  pages={868--881},
  year={2012},
  publisher={Sage Publications Sage CA: Los Angeles, CA}
}

@article{klofstad2007,
  title={{Talk Leads to Recruitment: How Discussions about Politics and Current Events Increase Civic Participation}},
  author={Klofstad, Casey A.},
  journal={Political Research Quarterly},
  volume={60},
  number={2},
  pages={180--191},
  year={2007},
  publisher={Sage Publications Sage CA: Los Angeles, CA}
}

@phdthesis{wilkenfeld2009,
  title={{A Multilevel Analysis of Context Effects on Adolescent Civic Engagement: The Role of Family, Peers, School, and Neighborhood}},
  author={Wilkenfeld, Britt Skeens},
  year={2009}
}

@article{serek2015,
  title={{Changes in Late Adolescents’ Voting Intentions During the Election Campaign: Disentangling the Effects of Political Communication with Parents, Peers and Media}},
  author={{\v{S}}erek, Jan and Umemura, Tomo},
  journal={European Journal of Communication},
  volume={30},
  number={3},
  pages={285--300},
  year={2015},
  publisher={SAGE Publications Sage UK: London, England}
}

@article{vochocova2018,
  title={{Witty Divas, Nice Mothers and Tough Girls in a Sexist World: Experiences and Strategies of Female Influencers in Online Political Debates}},
  author={Vochocov{\'a}, Lenka},
  journal={Media, Culture \& Society},
  volume={40},
  number={4},
  pages={535--550},
  year={2018},
  publisher={SAGE Publications Sage UK: London, England}
}

@article{laduelake1998,
  title={{Social Capital, Social Networks, and Political Participation}},
  author={La Due Lake, Ronald and Huckfeldt, Robert},
  journal={Political Psychology},
  volume={19},
  number={3},
  pages={567--584},
  year={1998},
  publisher={Wiley Online Library}
}

@article{bumpus2001,
  title={{Parental Autonomy Granting During Adolescence: Exploring Gender Differences in Context}},
  author={Bumpus, Matthew F. and Crouter, Ann C. and McHale, Susan M.},
  journal={Developmental Psychology},
  volume={37},
  number={2},
  pages={163--173},
  year={2001},
  publisher={American Psychological Association}
}

@article{lytton1991,
  title={{Parents' Differential Socialization of Boys and Girls: A Meta-Analysis}},
  author={Lytton, Hugh and Romney, David M.},
  journal={Psychological Bulletin},
  volume={109},
  number={2},
  pages={267--296},
  year={1991},
  publisher={American Psychological Association}
}

@article{fox2004,
  title={{Entering the Arena? Gender and the Decision to Run for Office}},
  author={Fox, Richard L. and Lawless, Jennifer L.},
  journal={American Journal of Political Science},
  volume={48},
  number={2},
  pages={264--280},
  year={2004},
  publisher={Wiley Online Library}
}

@article{sumter2009,
  title={{The Developmental Pattern of Resistance to Peer Influence in Adolescence: Will the Teenager Ever be Able to Resist?}},
  author={Sumter, Sindy R. and Bokhorst, Caroline L. and Steinberg, Laurence and Westenberg, P. Michiel},
  journal={Journal of Adolescence},
  volume={32},
  number={4},
  pages={1009--1021},
  year={2009},
  publisher={Elsevier}
}

@article{steinberg2007,
  title={{Age Differences in Resistance to Peer Influence}},
  author={Steinberg, Laurence and Monahan, Kathryn C.},
  journal={Developmental Ssychology},
  volume={43},
  number={6},
  pages={1531--1543},
  year={2007},
  publisher={American Psychological Association}
}

@article{bode2017,
  title={{Closing the Gap: Gender Parity in Political Engagement on Social Media}},
  author={Bode, Leticia},
  journal={Information, Communication \& Society},
  volume={20},
  number={4},
  pages={587--603},
  year={2017},
  publisher={Taylor \& Francis}
}

@article{wolak2015,
  title={{Candidate Gender and the Political Engagement of Women and Men}},
  author={Wolak, Jennifer},
  journal={American Politics Research},
  volume={43},
  number={5},
  pages={872--896},
  year={2015},
  publisher={SAGE Publications Sage CA: Los Angeles, CA}
}

@article{malin2015,
  title={{Adolescent Moral Motivations for Civic Engagement: Clues to the Political Gender Gap?}},
  author={Malin, Heather and Tirri, Kirsi and Liauw, Indrawati},
  journal={Journal of Moral Education},
  volume={44},
  number={1},
  pages={34--50},
  year={2015},
  publisher={Taylor \& Francis}
}

@article{galston2001,
  title={{Political Knowledge, Political Engagement, and Civic Education}},
  author={Galston, William A.},
  journal={Annual Review of Political Science},
  volume={4},
  number={1},
  pages={217--234},
  year={2001},
  publisher={Annual Reviews 4139 El Camino Way, PO Box 10139, Palo Alto, CA 94303-0139, USA}
}

@article{mcfarland2006,
  title={{Bowling Young: How Youth Voluntary Associations Influence Adult Political Participation}},
  author={McFarland, Daniel A. and Thomas, Reuben J.},
  journal={American Sociological Review},
  volume={71},
  number={3},
  pages={401--425},
  year={2006},
  publisher={Sage Publications Sage CA: Los Angeles, CA}
}

@article{langton1968,
  title={{Political Socialization and the High School Civics Curriculum in the United States}},
  author={Langton, Kenneth P. and Jennings, M. Kent},
  journal={American Political Science Review},
  volume={62},
  number={3},
  pages={852--867},
  year={1968},
  publisher={Cambridge University Press}
}

@article{schoon2011,
  title={{Determinants of Political Trust: A Lifetime Learning Model}},
  author={Schoon, Ingrid and Cheng, Helen},
  journal={Developmental Psychology},
  volume={47},
  number={3},
  pages={619--631},
  year={2011},
  publisher={American Psychological Association}
}

@article{gidengil2021,
  title={{From Generation to Generation: The Role of Grandparents in the Intergenerational Transmission of (Non-) Voting}},
  author={Gidengil, Elisabeth and Lahtinen, Hannu and Wass, Hanna and Erola, Jani},
  journal={Political Research Quarterly},
  volume={74},
  number={4},
  pages={1137--1151},
  year={2021},
  publisher={SAGE Publications Sage CA: Los Angeles, CA}
}

@article{bringle2006,
  title={{Analyzing Morton's Typology of Service Paradigms and Integrity}},
  author={Bringle, Robert G. and Hatcher, Julie A. and McIntosh, Rachel E.},
  journal={Michigan Journal of Community Service Learning},
  volume={13},
  number={1},
  pages={5--15},
  year={2006},
  publisher={ERIC}
}

@article{shrum1988,
  title={{Friendship in School: Gender and Racial Homophily}},
  author={Shrum, Wesley and Cheek Jr., Neil H. and Hunter, Saundra MacD.},
  journal={Sociology of Education},
  volume={61},
  number={4},
  pages={227--239},
  year={1988},
  publisher={JSTOR}
}

@article{neundorf2016,
  title={{The Compensation Effect of Civic Education on Political Engagement: How Civics Classes Make Up for Missing Parental Socialization}},
  author={Neundorf, Anja and Niemi, Richard G. and Smets, Kaat},
  journal={Political Behavior},
  volume={38},
  number={4},
  pages={921--949},
  year={2016},
  publisher={Springer}
}

@article{cosgrove2012,
  title={{An International Perspective on Civic Participation in Irish Post-Primary Cchools: Results from ICCS}},
  author={Cosgrove, Jude and Gilleece, Lorraine},
  journal={Irish Educational Studies},
  volume={31},
  number={4},
  pages={377--395},
  year={2012},
  publisher={Taylor \& Francis}
}

@article{thelwall2009,
  title={{Homophily in MySpace}},
  author={Thelwall, Mike},
  journal={Journal of the American Society for Information Science and Technology},
  volume={60},
  number={2},
  pages={219--231},
  year={2009},
  publisher={Wiley Online Library}
}

@misc{dictionary2021,
  title={Medium},
  author={Dictionary.com},
  year={2021},
	howpublished={\url{https://www.dictionary.com/browse/medium}},
	note={Page consulted January 24, 2021}
}

@book{putnam2000,
  title={{Bowling Alone: The Collapse and Revival of American Community}},
  author={Putnam, Robert D.},
  year={2000},
  publisher={Simon and Schuster}
}

@article{baumgartner2010,
  title={{MyFaceTube Politics: Social Networking Web Sites and Political Engagement of Young Adults}},
  author={Baumgartner, Jody C. and Morris, Jonathan S.},
  journal={Social Science Computer Review},
  volume={28},
  number={1},
  pages={24--44},
  year={2010},
  publisher={Sage Publications Sage CA: Los Angeles, CA}
}

@article{bakker2011,
  title={{Good News for the Future? Young People, Internet Use, and Political Participation}},
  author={Bakker, Tom P. and De Vreese, Claes H.},
  journal={Communication Research},
  volume={38},
  number={4},
  pages={451--470},
  year={2011},
  publisher={Sage Publications Sage CA: Los Angeles, CA}
}

@article{moy1999,
  title={{Television Use and Social Capital: Testing Putnam's Time Displacement Hypothesis}},
  author={Moy, Patricia and Scheufele, Dietram A. and Holbert, R. Lance},
  journal={Mass Communication and Society},
  volume={2},
  number={1-2},
  pages={27--45},
  year={1999},
  publisher={Taylor \& Francis}
}

@article{norris1996,
  title={{Does Television Erode Social Capital? A Reply to Putnam}},
  author={Norris, Pippa},
  journal={PS: Political Science and Politics},
  volume={29},
  number={3},
  pages={474--480},
  year={1996},
  publisher={JSTOR}
}

@article{xenos2014,
  title={{The Great Equalizer? Patterns of Social Media Use and Youth Political Engagement in Three Advanced Democracies}},
  author={Xenos, Michael and Vromen, Ariadne and Loader, Brian D.},
  journal={Information, Communication \& Society},
  volume={17},
  number={2},
  pages={151--167},
  year={2014},
  publisher={Taylor \& Francis}
}

@article{vaccari2015,
  title={{Dual Screening the Political: Media Events, Social Media, and Citizen Engagement}},
  author={Vaccari, Cristian and Chadwick, Andrew and O'Loughlin, Ben},
  journal={Journal of communication},
  volume={65},
  number={6},
  pages={1041--1061},
  year={2015},
  publisher={Oxford University Press}
}

@article{kahne2018,
  title={{The Political Significance of Social Media Activity and Social Networks}},
  author={Kahne, Joseph and Bowyer, Benjamin},
  journal={Political Communication},
  volume={35},
  number={3},
  pages={470--493},
  year={2018},
  publisher={Taylor \& Francis}
}

@article{conroy2012,
  title={{Facebook and Political Engagement: A Study of Online Political Group Membership and Offline Political Engagement}},
  author={Conroy, Meredith and Feezell, Jessica T. and Guerrero, Mario},
  journal={Computers in Human Behavior},
  volume={28},
  number={5},
  pages={1535--1546},
  year={2012},
  publisher={Elsevier}
}

@article{strandberg2013,
  title={{A Social Media Revolution or Just a Case of History Repeating Itself? The Use of Social Media in the 2011 Finnish Parliamentary Elections}},
  author={Strandberg, Kim},
  journal={New Media \& Society},
  volume={15},
  number={8},
  pages={1329--1347},
  year={2013},
  publisher={Sage Publications Sage UK: London, England}
}

@article{gildezuniga2010,
  title={{Digital Democracy: Reimagining Pathways to Political Participation}},
  author={Gil de Z{\'u}{\~n}iga, Homero and Veenstra, Aaron and Vraga, Emily and Shah, Dhavan},
  journal={Journal of Information Technology \& Politics},
  volume={7},
  number={1},
  pages={36--51},
  year={2010},
  publisher={Taylor \& Francis}
}

@article{lokithasan2019,
  title={{Male and Female Social Media Influencers: The Impact of Gender on Emerging Adults}},
  author={Lokithasan, Komathi and Simon, Salomi and Jasmin, Nur Zahrawaani Binti and Othman, Nur Ajeerah Binti},
  journal={International Journal of Modern Trends in Social Sciences},
  volume={2},
  number={9},
  pages={21--30},
  year={2019}
}

@article{kocmichalska2021,
  title={{From Online Political Posting to Mansplaining: The Gender Gap and Social Media in Political Discussion}},
  author={Koc-Michalska, Karolina and Schiffrin, Anya and Lopez, Anamaria and Boulianne, Shelley and Bimber, Bruce},
  journal={Social Science Computer Review},
  volume={39},
  number={2},
  pages={197--210},
  year={2021},
  publisher={SAGE Publications Sage CA: Los Angeles, CA}
}

@article{willoughby2008,
  title={{A Short-Term Longitudinal Study of Internet and Computer Game Use by Adolescent Boys and Girls: Prevalence, Frequency of Use, and Psychosocial Predictors}},
  author={Willoughby, Teena},
  journal={Developmental Psychology},
  volume={44},
  number={1},
  pages={195--204},
  year={2008},
  publisher={American Psychological Association}
}

@article{tsai2010,
  title={{Junior High School Students’ Internet Usage and Self-Efficacy: A Re-Examination of the Gender Gap}},
  author={Tsai, Meng-Jung and Tsai, Chin-Chung},
  journal={Computers \& Education},
  volume={54},
  number={4},
  pages={1182--1192},
  year={2010},
  publisher={Elsevier}
}

@article{eckstein2012,
  title={{Attitudes Toward Political Engagement and Willingness to Participate in Politics: Trajectories Throughout Adolescence}},
  author={Eckstein, Katharina and Noack, Peter and Gniewosz, Burkhard},
  journal={Journal of Adolescence},
  volume={35},
  number={3},
  pages={485--495},
  year={2012},
  publisher={Elsevier}
}

@article{quintelier2008,
  title={{Who is Politically Active: The Athlete, the Scout Member or the Environmental Activist? Young People, Voluntary Engagement and Political Participation}},
  author={Quintelier, Ellen},
  journal={Acta Sociologica},
  volume={51},
  number={4},
  pages={355--370},
  year={2008},
  publisher={Sage Publications Sage UK: London, England}
}

@article{quinteliervissers2008,
  title={{The Effect of Internet Use on Political Participation: An Analysis of Survey Results for 16-Year-Olds in Belgium}},
  author={Quintelier, Ellen and Vissers, Sara},
  journal={Social Science Computer Review},
  volume={26},
  number={4},
  pages={411--427},
  year={2008},
  publisher={Sage Publications Sage CA: Los Angeles, CA}
}

@article{livingstone2005,
  title={{Active Participation or Just More Information? Young People's Take-Up of Opportunities to Act and Interact on the Internet}},
  author={Livingstone, Sonia and Bober, Magdalena and Helsper, Ellen J.},
  journal={Information, Community \& Society},
  volume={8},
  number={3},
  pages={287--314},
  year={2005},
  publisher={Taylor \& Francis}
}

@article{roe1998,
  title={{‘Boys will be Boys and Girls will be Girls’: Changes in Children’s Media Use}},
  author={Roe, Keith},
  journal={Communications},
  volume={23},
  number={1},
  pages={5--26},
  year={1998},
  publisher={Walter de Gruyter, Berlin/New York}
}

@article{lee2009,
  title={{Predicting Children's Media Use in the USA: Differences in Cross-Sectional and Longitudinal Analysis}},
  author={Lee, Sook-Jung and Bartolic, Silvia and Vandewater, Elizabeth A.},
  journal={British Journal of Developmental Psychology},
  volume={27},
  number={1},
  pages={123--143},
  year={2009},
  publisher={Wiley Online Library}
}

@article{vissers2014,
  title={{The Internet and New Modes of Political Participation: Online Versus Offline Participation}},
  author={Vissers, Sara and Stolle, Dietlind},
  journal={Information, Communication \& Society},
  volume={17},
  number={8},
  pages={937--955},
  year={2014},
  publisher={Taylor \& Francis}
}

@article{althof2006,
  title={{Moral Education and Character Education: Their Relationship and Roles in Citizenship Education}},
  author={Althof, Wolfgang and Berkowitz, Marvin W.},
  journal={Journal of Moral Education},
  volume={35},
  number={4},
  pages={495--518},
  year={2006},
  publisher={Taylor \& Francis}
}

@article{themistokleous2016,
  title={{The Role of Online Games in Promoting Young Adults’ Civic Engagement}},
  author={Themistokleous, Sotiris and Avraamidou, Lucy},
  journal={Educational Media International},
  volume={53},
  number={1},
  pages={53--67},
  year={2016},
  publisher={Taylor \& Francis}
}

@article{sarkees1999,
  title={{Misdirected Backlash: The Evolving Nature of Academia and the Status of Women in Political Science}},
  author={Sarkees, Meredith Reid and McGlen, Nancy E.},
  journal={PS: Political Science \& Politics},
  volume={32},
  number={1},
  pages={100--108},
  year={1999},
  publisher={Cambridge University Press}
}

@article{bates2012,
  title={{Women in the Profession: The Composition of UK Political Science Departments by Sex}},
  author={Bates, Stephen and Jenkins, Laura and Pflaeger, Zoe},
  journal={Politics},
  volume={32},
  number={3},
  pages={139--152},
  year={2012},
  publisher={SAGE Publications Sage UK: London, England}
}

@article{thomasbodet2013,
  title={{Sacrificial Lambs, Women Candidates, and District Competitiveness in Canada}},
  author={Thomas, Melanee and Bodet, Marc André},
  journal={Electoral Studies},
  volume={32},
  number={1},
  pages={153--166},
  year={2013},
  publisher={Elsevier}
}

@article{andersen1975,
  title={{Working Women and Political Participation, 1952-1972}},
  author={Andersen, Kristi},
  journal={American Journal of Political Science},
  volume={19},
  number={3},
  pages={439--453},
  year={1975},
  publisher={JSTOR}
}

@techreport{norris2004,
  title={{Gender and Political Participation}},
  author={Norris, Pippa and Lovenduski, Joni and Campbell, Rosie},
  institution={The Electoral Commission},
  address={London},
  year={2004}
}

@article{ferrin2018,
  title={{Is It Simply Gender?: Content, Format, and Time in Political Knowledge Measures}},
  author={Ferrin, Monica and Fraile, Marta and Garc{\'{i}}a-Albacete, Gema},
  journal={Politics \& Gender},
  volume={14},
  pages={162--185},
  year={2018},
  publisher={Cambridge University Press}
}

@article{matsuno2017,
  title={{Non-Binary/Genderqueer Identities: A Critical Review of the Literature}},
  author={Matsuno, Emmie and Budge, Stephanie L.},
  journal={Current Sexual Health Reports},
  volume={9},
  number={3},
  pages={116--120},
  year={2017},
  publisher={Springer}
}

@article{beckwith2010,
  title={{A Comparative Politics of Gender Symposium Introduction: Comparative Politics and the Logics of a Comparative Politics of Gender}},
  author={Beckwith, Karen},
  journal={Perspectives on Politics},
  volume={8},
  number={1},
  pages={159--168},
  year={2010},
  publisher={Cambridge University Press}
}

@article{hatemi2012,
  title={{The Different Effects of Gender and Sex on Vote Choice}},
  author={Hatemi, Peter K. and McDermott, Rose and Bailey, J. Michael and Martin, Nicholas G.},
  journal={Political Research Quarterly},
  volume={65},
  number={1},
  pages={76--92},
  year={2012},
  publisher={Sage Publications Sage CA: Los Angeles, CA}
}

@article{stehle2013,
  title={{Gender Homophily from Spatial Behavior in a Primary School: A Sociometric Study}},
  author={Stehlé, Juliette and Charbonnier, François and Picard, Tristan and Cattuto, Ciro and Barrat, Alain},
  journal={Social Networks},
  volume={35},
  number={4},
  pages={604--613},
  year={2013},
  publisher={Elsevier}
}

@article{jennings2009,
  title={{Politics Across Generations: Family Transmission Reexamined}},
  author={Jennings, M. Kent and Stoker, Laura and Bowers, Jake},
  journal={The Journal of Politics},
  volume={71},
  number={3},
  pages={782--799},
  year={2009},
  publisher={Cambridge University Press New York, USA}
}

@incollection{bandura1969,
  title={{Social-Learning Theory of Identificatory Processes}},
  author={Bandura, Albert},
  booktitle={{Handbook of Socialization Theory and Research}},
  editor={Goslin, David A.},
  pages={213--262},
  year={1969},
  publisher={Rand McNally},
  address={New York}
}

@book{landemore2013,
  title={{Democratic Reason: Politics, Collective Intelligence, and the Rule of the Many}},
  author={Landemore, Hélène},
  year={2013},
  publisher={Princeton University Press}
}

@article{ashe2012,
  title={{Legislative Recruitment: Using Diagnostic Testing to Explain Underrepresentation}},
  author={Ashe, Jeanette and Stewart, Kennedy},
  journal={Party Politics},
  volume={18},
  number={5},
  pages={687--707},
  year={2012},
  publisher={Sage Publications Sage UK: London, England}
}

@article{thomas2013,
  title={{Sacrificial Lambs, Women Candidates, and District Competitiveness in Canada}},
  author={Thomas, Melanee and Bodet, Marc André},
  journal={Electoral Studies},
  volume={32},
  number={1},
  pages={153--166},
  year={2013},
  publisher={Elsevier}
}

@article{mercier2012,
  title={{Reasoning is for Arguing: Understanding the Successes and Failures of Deliberation}},
  author={Mercier, Hugo and Landemore, Hélène},
  journal={Political Psychology},
  volume={33},
  number={2},
  pages={243--258},
  year={2012},
  publisher={Wiley Online Library}
}

@article{laniado2016,
  title={{Gender Homophily in Online Dyadic and Triadic Relationships}},
  author={Laniado, David and Volkovich, Yana and Kappler, Karolin and Kaltenbrunner, Andreas},
  journal={EPJ Data Science},
  volume={5},
  number={19},
  pages={1--23},
  year={2016},
  publisher={Springer}
}

@book{jennings1981,
  title={{Generations and Politics: A Panel Study of Young Adults and their Parents}},
  author={Jennings, M. Kent and Niemi, Richard G.},
  year={1981},
  publisher={Princeton University Press}
}

@article{schlozman1999,
  title={{"What Happened at Work Today?": A Multistage Model of Gender, Employment, and Political Participation}},
  author={Schlozman, Kay Lehman and Burns, Nancy and Verba, Sidney},
  journal={The Journal of Politics},
  volume={61},
  number={1},
  pages={29--53},
  year={1999},
  publisher={University of Texas Press}
}

@article{gidengil2005,
  title={{Explaining the Gender Gap in Support for the New Right: The Case of Canada}},
  author={Gidengil, Elisabeth and Hennigar, Matthew and Blais, André and Nevitte, Neil},
  journal={Comparative Political Studies},
  volume={38},
  number={10},
  pages={1171--1195},
  year={2005},
  publisher={Sage Publications Sage CA: Thousand Oaks, CA}
}

@article{ward2006,
  title={{Measurement of Agency, Communion, and Emotional Vulnerability with the Personal Attributes Questionnaire}},
  author={Ward, L. Charles and Thorn, Beverly E. and Clements, Kristi L. and Dixon, Kim E. and Sanford, Stacy D.},
  journal={Journal of Personality Assessment},
  volume={86},
  number={2},
  pages={206--216},
  year={2006},
  publisher={Taylor \& Francis}
}

@article{schwarz2022,
  title={{What Have We Learned about Gender from Candidate Choice Experiments? A Meta-Analysis of Sixty-Seven Factorial Survey Experiments}},
  author={Schwarz, Susanne and Coppock, Alexander},
  journal={The Journal of Politics},
  volume={84},
  number={2},
  pages={655--668},
  year={2022},
  publisher={The University of Chicago Press Chicago, IL}
}

@book{prior2019,
  title={{Hooked: How Politics Captures People's Interest}},
  author={Prior, Markus},
  year={2019},
  publisher={Cambridge University Press}
}

@article{pan2006,
  title={{Mobilizing Political Talk in a Presidential Campaign: An Examination of Campaign Effects in a Deliberative Framework}},
  author={Pan, Zhongdang and Shen, Lijiang and Paek, Hye-Jin and Sun, Ye},
  journal={Communication Research},
  volume={33},
  number={5},
  pages={315--345},
  year={2006},
  publisher={Sage Publications Sage CA: Thousand Oaks, CA}
}

@article{shah2005,
  title={{Information and Expression in a Digital Age: Modeling Internet Effects on Civic Participation}},
  author={Shah, Dhavan V. and Cho, Jaeho and Eveland Jr., William P. and Kwak, Nojin},
  journal={Communication Research},
  volume={32},
  number={5},
  pages={531--565},
  year={2005},
  publisher={Sage Publications Sage CA: Thousand Oaks, CA}
}

@book{karpowitz2014,
  title={{The Silent Sex}},
  author={Karpowitz, Christopher F. and Mendelberg, Tali},
  year={2014},
  publisher={Princeton University Press}
}

@article{sevi2021,
  title={{Who Runs? Canadian Federal and Ontario Provincial Candidates from 1867 to 2019}},
  author={Sevi, Semra},
  journal={Canadian Journal of Political Science/Revue canadienne de science politique},
  volume={54},
  number={2},
  pages={471--476},
  year={2021},
  publisher={Cambridge University Press}
}

@proceedings{weber1919,
  author={Weber, Max},
  year={1919},
  title={{Politics as a Vocation}},
  publisher={Duncker \& Humblot},
  address={Munich}
}

@inbook{gallie1956,
  booktitle={{The Importance of Language}},
  title={{Essentially Contested Concepts}},
  author={Gallie, Walter Bryce},
  year={1956},
  publisher={Cornell University Press},
  pages={167--198}
}

@book{heywood2019,
  title={{Politics. Fifth Edition}},
  author={Heywood, Andrew},
  year={2019},
  publisher={Red Globe Press}
}

@article{spierings2012,
  title={{The Inclusion of Quantitative Techniques and Diversity in the Mainstream of Feminist Research}},
  author={Spierings, Niels},
  journal={European Journal of Women's Studies},
  volume={19},
  number={3},
  pages={331--347},
  year={2012},
  publisher={Sage Publications Sage UK: London, England}
}

@article{dostiegoulet2009en,
  title={{Social Networks and the Development of Political Interest}},
  author={Dostie-Goulet, Eug{\'e}nie},
  journal={Journal of Youth Studies},
  volume={12},
  number={4},
  pages={405--421},
  year={2009},
  publisher={Taylor \& Francis}
}

@article{neundorf2013,
  title={{Homemade Citizens: The Development of Political Interest During Adolescence and Young Adulthood}},
  author={Neundorf, Anja and Smets, Kaat and Garcia-Albacete, Gema M.},
  journal={Acta Politica},
  volume={48},
  number={1},
  pages={92--116},
  year={2013},
  publisher={Springer}
}

@book{rebenstorf2004,
  title={{Democratic Development?: East German, Israeli and Palestinian Adolescents}},
  author={Rebenstorf, Hilke},
  year={2004},
  publisher={Springer Science \& Business Media}
}

@incollection{kuhn2004,
  title={{Gender Differences in Political Interest Among Adolescents from
Brandenburg}},
  author={Kuhn, Hans Peter},
  booktitle={{Democratic Development?: East German, Israeli and Palestinian Adolescents}},
  editor={Rebenstorf, Hilke},
  year={2004},
  publisher={Springer Science \& Business Media}
}

@incollection{sabella2004,
  title={{Gender Differences in Political Interest Among Palestinian Youngsters in the West Bank}},
  author={Sabella, Bernard},
  booktitle={{Democratic Development?: East German, Israeli and Palestinian Adolescents}},
  editor={Rebenstorf, Hilke},
  year={2004},
  publisher={Springer Science \& Business Media}
}

@incollection{rebenstorf2004political,
  title={{Political Participation of Adolescents in Brandenburg: The Significance of the Family Context}},
  author={Rebenstorf, Hilke},
  booktitle={{Democratic Development?: East German, Israeli and Palestinian Adolescents}},
  editor={Rebenstorf, Hilke},
  year={2004},
  publisher={Springer Science \& Business Media}
}

@incollection{rebenstorf2004chap9,
  title={{Political Participation --- Its Meaning and General Development}},
  author={Rebenstorf, Hilke},
  booktitle={{Democratic Development?: East German, Israeli and Palestinian Adolescents}},
  editor={Rebenstorf, Hilke},
  year={2004},
  publisher={Springer Science \& Business Media}
}

@incollection{sabella2004political,
  title={{Political Participation of Adolescents in the West Bank of the Palestinian Territories: The Significance of the Family Context}},
  author={Sabella, Bernard},
  booktitle={{Democratic Development?: East German, Israeli and Palestinian Adolescents}},
  editor={Rebenstorf, Hilke},
  year={2004},
  publisher={Springer Science \& Business Media}
}

@article{phillips1992,
  title={{Must Feminists Give Up on Liberal Democracy?}},
  author={Phillips, Anne},
  journal={Political Studies},
  volume={40},
  pages={68--82},
  year={1992},
  publisher={Wiley Online Library}
}

@article{collins2017,
  title={{The Difference that Power Makes: Intersectionality and Participatory Democracy}},
  author={Collins, Patricia Hill},
  journal={Investigaciones Feministas},
  volume={8},
  number={1},
  pages={19--39},
  year={2017},
  publisher={Springer}
}

@article{rheault2019,
  title={{Politicians in the Line of Fire: Incivility and the Treatment of Women on Social Media}},
  author={Rheault, Ludovic and Rayment, Erica and Musulan, Andreea},
  journal={Research \& Politics},
  volume={6},
  number={1},
  pages={1--7},
  year={2019},
  publisher={SAGE Publications Sage UK: London, England}
}

@incollection{fernandezgarcia2016,
  title={{Framing Gender and Women Politicians Representation: Print Media Coverage of Spanish Women Ministers}},
  author={Fernandez-Garcia, N{\'u}ria},
  booktitle={{Gender in Focus: (New) Trends in Media}},
  editor={Cerqueira, Carl and Cabecinhas, Rosa and Magalhaes, Sara Isabel},
  publisher={CECS-Publica{\c{c}}{\~o}es/eBooks},
  pages={141--160},
  year={2016}
}

@article{thomas2013,
  title={{Barriers to Women's Political Participation in Canada}},
  author={Thomas, Melanee},
  journal={University of New Brunswick Law Journal},
  volume={64},
  number={1},
  pages={218--233},
  year={2013},
  publisher={HeinOnline}
}

@incollection{oneill2017,
  title={{Motherhood's Role in Shaping Political and Civic Participation}},
  author={O'Neill, Brenda and Gidengil, Elisabeth and Thomas, Melanee and Bittner, Amanda},
  booktitle={{Mothers and Others. The Role of Parenthood in Politics}},
  editor={Thomas, Melanee and Bittner, Amanda},
  pages={268--287},
  year={2017},
  publisher={UBS Press Vanconver}
}

@article{shehata2019,
  title={{The Development of Political Interest Among Adolescents: A Communication Mediation Approach using Five Waves of Panel Data}},
  author={Shehata, Adam and Amn{\aa}, Erik},
  journal={Communication Research},
  volume={46},
  number={8},
  pages={1055--1077},
  year={2019},
  publisher={Sage Publications Sage CA: Los Angeles, CA}
}

@article{lupia2005,
  title={{Views from Inside the Net: How Websites Affect Young Adults' Political Interest}},
  author={Lupia, Arthur and Philpot, Tasha S.},
  journal={The Journal of Politics},
  volume={67},
  number={4},
  pages={1122--1142},
  year={2005},
  publisher={Cambridge University Press New York, USA}
}

@article{bos2022,
  title={This One's for the Boys: How Gendered Political Socialization Limits Girls' Political Ambition and Interest},
  author={Bos, Angela L. and Greenlee, Jill S. and Holman, Mirya R. and Oxley, Zoe M. and Lay, J. Celeste},
  journal={American Political Science Review},
  volume={116},
  number={2},
  pages={484--501},
  year={2022},
  publisher={Cambridge University Press}
}

@article{lucas2021,
  title={{Women's Municipal Electoral Performance: An Introduction to the Canadian Municipal Elections Database}},
  author={Lucas, Jack and Merrill, Reed and Blidook, Kelly and Breux, Sandra and Conrad, Laura and Eidelman, Gabriel and Koop, Royce and Marciano, Daniella and Taylor, Zack and Vallette, Salom{\'e}},
  journal={Canadian Journal of Political Science/Revue canadienne de science politique},
  volume={54},
  number={1},
  pages={125--133},
  year={2021},
  publisher={Cambridge University Press}
}

@misc{ces2019,
  title={{2019 Canadian Election Study --- Online Survey}},
  author={Stephenson, Laura B. and Harell, Allison and Rubenson, Daniel and Loewen, Peter John},
  year={2020},
  url={https://doi.org/10.7910/DVN/DUS88V},
  howpublished={Harvard Dataverse, V1}
}

@misc{ces2021,
  title={{2021 Canadian Election Study (CES)}},
  author={Stephenson, Laura B. and Harell, Allison and Rubenson, Daniel and Loewen, Peter John},
  year={2022},
  url={https://doi.org/10.7910/DVN/XBZHKC},
  howpublished={Harvard Dataverse, V1}
}

@misc{wvs2022,
  title={{World Values Survey Wave 7 (2017--2022) Cross-National Data-Set. Version: 4.0.0}},
  author={Haerpfer, Christian W. and Inglehart, Ronald and Moreno, Alejandro and Welzel, Christian and Kizilova, Kseniya and Diez-Medrano, Jaime and Lagos, M. and Norris, Pippa and Ponarin, Eduard and Puranen, Bi},
  year={2022},
  url={doi.org/10.14281/18241.18},
  howpublished={World Values Survey Association}
}

@misc{datagotchi2023,
  title={{Datagotchi Post-Electoral Survey}},
  author={{Leadership Chair in the Teaching of Digital Social Sciences}},
  year={2023}
}

@misc{datagotchi2022,
  title={{Datagotchi}},
  author={{Leadership Chair in the Teaching of Digital Social Sciences}},
  year={2022},
  url={https://datagotchi.com/}
}

@misc{gss2013,
  title={{Canadian General Social Survey Microdata, Cycle 27, Social Identity (version 2).}},
  author={{Statistics Canada}},
  year={2013},
  howpublished={Data Liberation Initiative (DLI)}
}

@misc{gss2020,
  title={{General Social Survey Cycle 35: Social Identity, 2020}},
  author={{Statistics Canada}},
  year={2023},
  howpublished={Abacus Data Network},
  url={https://hdl.handle.net/11272.1/AB2/R7HAAF}
}

@misc{census2017,
  title={{2016 Canadian Census of Population}},
  author={{Statistics Canada}},
  year={2017}
}

@misc{census2022,
  title={{2021 Canadian Census of Population}},
  author={{Statistics Canada}},
  year={2022}
}

@misc{statcan2023,
  title={{Census Profile Downloads}},
  author={{Statistics Canada}},
  year={2023},
  url={https://www12.statcan.gc.ca/census-recensement/2021/dp-pd/prof/details/download-telecharger.cfm?Lang=E}
}

@book{spence1978,
  title={{Masculinity and Femininity: Their Psychological Dimensions, Correlates, and Antecedents}},
  author={Spence, Janet T. and Helmreich, Robert L.},
  year={1978},
  publisher={University of Texas Press}
}

@article{rancer1985,
  title={{The Influence of Sex and Sex-Role Orientation on Trait Argumentativeness}},
  author={Rancer, Andrew S. and Dierks-Stewart, Kathi J.},
  journal={Journal of Personality Assessment},
  volume={49},
  number={1},
  pages={69--70},
  year={1985},
  publisher={Lawrence Erlbaum}
}

@article{holt2013,
  title={{Age and the Effects of News Media Attention and Social Media use on Political Interest and Participation: Do Social Media Function as Leveller?}},
  author={Holt, Kristoffer and Shehata, Adam and Str{\"o}mb{\"a}ck, Jesper and Ljungberg, Elisabet},
  journal={European Journal of Communication},
  volume={28},
  number={1},
  pages={19--34},
  year={2013},
  publisher={Sage Publications Sage UK: London, England}
}

@article{kray2001,
  title={{Battle of the Sexes: Gender Stereotype Confirmation and Reactance in Negotiations}},
  author={Kray, Laura J. and Thompson, Leigh and Galinsky, Adam},
  journal={Journal of Personality and Social Psychology},
  volume={80},
  number={6},
  pages={942--958},
  year={2001},
  publisher={American Psychological Association}
}

@article{schneider2017,
  title={{Negotiating While Female}},
  author={Schneider, Andrea Kupfer},
  journal={SMU Law Review},
  volume={70},
  number={3},
  pages={695--719},
  year={2017},
  publisher={HeinOnline}
}

@article{cbc2022,
  author={Easton, Rob},
  date={2022-07-04},
  title={'Historic' Census Data Sheds Light on Number of Trans and Non-Binary People for First Time},
  journal={CBC},
  url={https://www.cbc.ca/news/canada/calgary/census-data-trans-non-binary-statscan-1.6431928},
  urldate={2022-04-27}
}

@article{cohen1998,
  title={{The Effect of Gender and Academic Discipline Diversity on the Ethical Evaluations, Ethical Intentions and Ethical Orientation of Potential Public Accounting Recruits}},
  author={Cohen, Jeffrey R. and Pant, Laurie W. and Sharp, David J.},
  journal={Accounting Horizons},
  volume={12},
  number={3},
  pages={250},
  year={1998},
  publisher={American Accounting Association}
}

@article{cohen2001,
  title={{An Examination of Differences in Ethical Decision-Making Between Canadian Business Students and Accounting Professionals}},
  author={Cohen, Jeffrey R. and Pant, Laurie W. and Sharp, David J.},
  journal={Journal of Business Ethics},
  volume={30},
  number={4},
  pages={319--336},
  year={2001},
  publisher={Springer}
}

@article{herrick2024,
  title={{Gender and Race Gaps in Voting and Over-Reporting: An Intersectional Comparison of CCES with ANES Data}},
  author={Herrick, Rebekah and Pryor, Ben},
  journal={The Social Science Journal},
  volume={61},
  number={2},
  pages={391--404},
  year={2024},
  publisher={Taylor \& Francis}
}

@article{stockemer2023,
  title={{The Gender Gap in Voter Turnout: An Artefact of Men's Over-Reporting in Survey Research?}},
  author={Stockemer, Daniel and Sundstrom, Aksel},
  journal={The British Journal of Politics and International Relations},
  volume={25},
  number={1},
  pages={21--41},
  year={2023},
  publisher={SAGE Publications Sage UK: London, England}
}

@article{belli2001,
  title={{What Leads to Voting Overreports? Contrasts of Overreporters to Validated Voters and Admitted Nonvoters in the American National Election Studies}},
  author={Belli, Robert F. and Traugott, Michael W. and Beckmann, Matthew N.},
  journal={Journal of Official Statistics},
  volume={17},
  number={4},
  pages={479},
  year={2001},
  publisher={Statistics Sweden (SCB)}
}

@article{weinschenk2017,
  title={{The Relationship Between Genes, Personality Traits, and Political Interest}},
  author={Weinschenk, Aaron C. and Dawes, Christopher T.},
  journal={Political Research Quarterly},
  volume={70},
  number={3},
  pages={467--479},
  year={2017},
  publisher={SAGE Publications Sage CA: Los Angeles, CA}
}

@article{weinschenk2019,
  title={{New Evidence on the Link Between Genes, Psychological Traits, and Political Engagement}},
  author={Weinschenk, Aaron C. and Dawes, Christopher T. and Kandler, Christian and Bell, Edward and Riemann, Rainer},
  journal={Politics and the Life Sciences},
  volume={38},
  number={1},
  pages={1--13},
  year={2019},
  publisher={Cambridge University Press}
}

@unpublished{rasmussen2021,
  title={{Parental Transmission and the Importance of the (Non-Causal) Effects of Education on Political Engagement: Missing the Forest for the Trees}},
  author={Rasmussen, Stig Hebbelstrup Rye and Weinschenk, Aaron and Dawes, Chris and vB Hjelmborg, Jacob and Klemmensen, Robert},
  year={2021},
  publisher={PsyArXiv}
}

@article{arceneaux2012,
  title={{The Genetic Basis of Political Sophistication}},
  author={Arceneaux, Kevin and Johnson, Martine and Maes, Hermine H.},
  journal={Twin Research and Human Genetics},
  volume={15},
  number={1},
  pages={34--41},
  year={2012},
  publisher={Cambridge University Press}
}

@article{bell2009,
  title={{The Origins of Political Attitudes and Behaviours: An Analysis Using Twins}},
  author={Bell, Edward and Schermer, Julie Aitken and Vernon, Philip A},
  journal={Canadian Journal of Political Science/Revue canadienne de science politique},
  volume={42},
  number={4},
  pages={855--879},
  year={2009},
  publisher={Cambridge University Press}
}

@article{dawes2014,
  title={{The Relationship Between Genes, Psychological Traits, and Political Participation}},
  author={Dawes, Christopher and Cesarini, David and Fowler, James H. and Johannesson, Magnus and Magnusson, Patrik K.E. and Oskarsson, Sven},
  journal={American Journal of Political Science},
  volume={58},
  number={4},
  pages={888--903},
  year={2014},
  publisher={Wiley Online Library}
}

@article{chung2003,
  title={{Exploring Social Desirability Bias}},
  author={Chung, Janne and Monroe, Gary S.},
  journal={Journal of Business Ethics},
  volume={44},
  number={4},
  pages={291--302},
  year={2003},
  publisher={Springer}
}

@article{blasko2019,
  title={{Non-Cognitive Civic Outcomes: How Can Education Contribute? European Evidence from the ICCS 2016 Study}},
  author={Blask{\'o}, Zsuzsa and da Costa, Patricia Dinis and Vera-Toscano, Esperanza},
  journal={{International Journal of Educational Research}},
  volume={98},
  pages={366--378},
  year={2019},
  publisher={Elsevier}
}

@article{borkowska2024,
  title={{Socialization Disrupted: The Intergenerational Transmission of Political Engagement in Immigrant Families}},
  author={Borkowska, Magda and Luthra, Renee},
  journal={{International Migration Review}},
  volume={58},
  number={1},
  pages={238--265},
  year={2024},
  publisher={SAGE Publications Sage CA: Los Angeles, CA}
}

@book{campbell1960,
  title={{The American Voter}},
  author={Campbell, Angus and Converse, Philip and Miller, Warren E. and Stokes, Donald},
  publisher={The University of Chicago Press},
  year={1960},
  address={Chicago}
}

@book{burns2001,
  title={{The Private Roots of Public Action}},
  author={Burns, Nancy and Schlozman, Kay Lehman and Verba, Sidney},
  year={2001},
  publisher={Harvard University Press}
}

@incollection{hooghe2022,
  title={{Political Socialization}},
  author={Hooghe, Marc},
  booktitle={Handbook on Politics and Public Opinion},
  editor={Rudolph, Thomas},
  pages={99--110},
  year={2022},
  publisher={Edward Elgar Publishing}
}

@incollection{vromen2022,
  title={{Why Do Personal Narratives and Stories Matter for Online Political Engagement?}},
  author={Vromen, Ariadne and Halpin, Darren and Vaughan, Michael},
  booktitle={Crowdsourced Politics},
  pages={95--115},
  year={2022},
  publisher={Springer}
}

@phdthesis{rayment2020,
  title={{Women in the House: The Impact of Elected Women on Parliamentary Debate and Policymaking in Canada}},
  author={Rayment, Erica Jane},
  year={2020},
  school={University of Toronto (Canada)}
}

@article{tolley2023,
  title={{Gender Is Not a Proxy: Race and Intersectionality in Legislative Recruitment}},
  author={Tolley, Erin},
  journal={Politics \& Gender},
  volume={19},
  number={2},
  pages={373--400},
  year={2023},
  publisher={Cambridge University Press}
}

@book{stockemer2022,
  title={{Youth without Representation: The Absence of Young Adults in Parliaments, Cabinets, and Candidacies}},
  author={Stockemer, Daniel and Sundstrom, Aksel},
  year={2022},
  publisher={University of Michigan Press}
}

@book{lawless2010,
  title={{It Still Takes a Candidate: Why Women Don’t Run for Office}},
  author={Lawless, Jennifer L. and Fox, Richard L.},
  year={2010},
  publisher={Cambridge University Press}
}

@book{lawless2015,
  title={{Running from Office: Why Young Americans are Turned Off to Politics}},
  author={Lawless, Jennifer L. and Fox, Richard Logan},
  year={2015},
  publisher={Oxford University Press, USA}
}

@book{hess1967,
  title={{The Development of Political Attitudes in Children}},
  author={Hess, Robert D. and Torney, Judith V.},
  year={1967},
  publisher={Routledge}
}

@book{hyman1959,
  title={{Political Socialization: A Study in the Psychology of Political Behavior}},
  author={Hyman, Herbert H.},
  year={1959},
  publisher={Free Press}
}

@article{sanchezvitores2019,
  title={{Different Governments, Different Interests: The Gender Gap in Political Interest}},
  author={S{\'a}nchez-V{\'i}tores, Irene},
  journal={{Social Politics: International Studies in Gender, State \& Society}},
  volume={26},
  number={3},
  pages={348--369},
  year={2019},
  publisher={Oxford University Press}
}

@techreport{janmaat2022,
  title={{The Development of Social and Gender Disparities in Political Engagement During Adolescence and Early Adulthood: What Role Does Education Play?}},
  author={Janmaat, Jan Germen and Hoskins, Bryony and Pensiero, Nicola},
  year={2022}
}

@article{sanjuan2022,
  title={{The Effects of Controversial Classroom Debates on Political Interest: An Experimental Approach}},
  author={Sanjuan, Renee and Mantas, Eleni M.},
  journal={Journal of Political Science Education},
  volume={18},
  number={3},
  pages={343--361},
  year={2022},
  publisher={Taylor \& Francis}
}

@phdthesis{shani2009,
  title={{On the Origins of Political Interest}},
  author={Shani, Danielle},
  year={2009},
  school={Princeton University}
}

@article{bourque1974,
  title={{Politics an Unnatural Practice: Political Science Looks at Female Participation}},
  author={Bourque, Susan C. and Grossholtz, Jean},
  journal={Politics \& Society},
  volume={4},
  number={2},
  pages={225--266},
  year={1974},
  publisher={Sage Publications Sage CA: Thousand Oaks, CA}
}

@article{arens2017,
  title={{Political Efficacy in Adolescence: Development, Gender Differences, and Outcome Relations}},
  author={Arens, A. Katrin and Watermann, Rainer},
  journal={Developmental Psychology},
  volume={53},
  number={5},
  pages={933},
  year={2017},
  publisher={American Psychological Association}
}

@article{oswald1998,
  title={{Political Participation of Young People in East Germany}},
  author={Oswald, Hans and Schmid, Christine},
  journal={German Politics},
  volume={7},
  number={3},
  pages={147--164},
  year={1998},
  publisher={Taylor \& Francis}
}

@phdthesis{dostiegoulet2009fr,
  title={{Le d{\'e}veloppement de l'int{\'e}r{\^e}t pour la politique chez les adolescents}},
  author={Dostie-Goulet, Eug{\'e}nie},
  year={2009}
}

@article{koskimaa2015,
  title={{Political Socialization and Political Interest: The Role of School Reassessed}},
  author={Koskimaa, Vesa and Rapeli, Lauri},
  journal={Journal of Political Science Education},
  volume={11},
  number={2},
  pages={141--156},
  year={2015},
  publisher={Taylor \& Francis}
}

@article{muxel2002,
  title={{La participation politique des jeunes: soubresauts, fractures et ajustements}},
  author={Muxel, Anne},
  journal={Revue fran{\c{c}}aise de science politique},
  volume={52},
  number={5},
  pages={521--544},
  year={2002},
  publisher={Cairn/Softwin}
}

@article{dowse1971,
  title={{Girls, Boys and Politics}},
  author={Dowse, Robert E. and Hughes, John A.},
  journal={The British Journal of Sociology},
  volume={22},
  number={1},
  pages={53--67},
  year={1971},
  publisher={JSTOR}
}

@article{quintelier2014,
  title={{Supporting Democracy: Political Participation and Political Attitudes. Exploring Causality Using Panel Data}},
  author={Quintelier, Ellen and Van Deth, Jan W.},
  journal={Political Studies},
  volume={62},
  number={1\_suppl},
  pages={153--171},
  year={2014},
  publisher={SAGE Publications Sage UK: London, England}
}

@article{russo2017,
  title={Stability and Change in Youths' Political Interest},
  author={Russo, Silvia and Stattin, H{\aa}kan},
  journal={Social Indicators Research},
  volume={132},
  pages={643--658},
  year={2017},
  publisher={Springer}
}

@article{stattin2022,
  title={{Youth's Own Political Interest Can Explain their Political Interactions with Important Others}},
  author={Stattin, H{\aa}kan and Russo, Silvia},
  journal={International Journal of Behavioral Development},
  volume={46},
  number={4},
  pages={297--307},
  year={2022},
  publisher={SAGE Publications Sage UK: London, England}
}

@article{vandeth2000,
  title={{Political Interest and Apathy: The Decline of a Gender Gap?}},
  author={Van Deth, J.},
  journal={Acta Politica},
  volume={35},
  number={3},
  pages={247--274},
  year={2000}
}

@book{howe2010,
  title={{Citizens Adrift: The Democratic Disengagement of Young Canadians}},
  author={Howe, Paul},
  year={2010},
  address={Vancouver},
  publisher={UBC Press}
}

@book{gidengil2004,
  title={Citizens},
  author={Gidengil, Elisabeth and Blais, André and Nevitte, Neil and Nadeau, Richard},
  year={2004},
  address={Vancouver},
  publisher={UBC Press}
}

@book{greenstein1965,
  title={{Children and Politics}},
  author={Greenstein, Fred I.},
  year={1965},
  address={New Haven},
  publisher={Yale University Press}
}

@book{easton1969,
  title={{Children in the Political System: Origins of Political Legitimacy}},
  author={Easton, David and Dennis, Jack and Easton, Sylvia},
  year={1969},
  address={New York},
  publisher={McGraw-Hill}
}

@book{lawless2013,
  title={{Girls Just Wanna not Run: The Gender Gap in Young Americans’ Political Ambition}},
  author={Lawless, Jennifer L. and Fox, Richard L.},
  year={2013},
  address={Washington, DC},
  publisher={Women \& Politics Institute}
}

@article{mcdevitt2002,
  title={{From Top-Down to Trickle-Up Influence: Revisiting Assumptions about the Family in Political Socialization}},
  author={McDevitt, Michael and Chaffee, Steven},
  journal={Political Communication},
  volume={19},
  number={3},
  pages={281--301},
  year={2002},
  publisher={Taylor \& Francis}
}

@article{keeling2023,
  title={{A Matter of Content: Overcoming the Gender Gap in Political Knowledge, Expression of Knowledge, and Interest}},
  author={Keeling, Silvia},
  journal={Italian Political Science Review/Rivista Italiana di Scienza Politica},
  volume={53},
  number={3},
  pages={384--398},
  year={2023},
  publisher={Cambridge University Press}
}

@article{fitzgerald2013,
  title={{What Does "Political" Mean to You?}},
  author={Fitzgerald, Jennifer},
  journal={Political Behavior},
  volume={35},
  pages={453--479},
  year={2013},
  publisher={Springer}
}

@article{tormos2022,
  title={{Challenging the Gender Gap in Political Interest: A By-Product of Survey Specification Error}},
  author={Tormos, Ra{\"u}l and Verge, T{\`a}nia},
  journal={Public Opinion Quarterly},
  volume={86},
  number={1},
  pages={107--133},
  year={2022},
  publisher={Oxford University Press}
}

@incollection{sapiro2013,
  title={{Gender, Social Capital, and Politics}},
  author={Sapiro, Virginia},
  booktitle={{Gender and Social Capital}},
  editor={O'Neill, Brenda and Gidengil, Elisabeth},
  pages={151--183},
  year={2013},
  publisher={Routledge}
}

@article{ferrin2023,
  title={{Disinterested or Enraged? Understanding People's Political Interest}},
  author={Ferr{\'\i}n, M{\'o}nica and Garc{\'\i}a-Albacete, Gema},
  journal={Acta Politica},
  year={2023},
  publisher={Springer}
}

@article{conover1991,
  title={{The Nature of Citizenship in the United States and Great Britain: Empirical Comments on Theoretical Themes}},
  author={Conover, Pamela Johnston and Crewe, Ivor M. and Searing, Donald D.},
  journal={The Journal of Politics},
  volume={53},
  number={3},
  pages={800--832},
  year={1991},
  publisher={University of Texas Press}
}

@book{lane1962,
  title={{Political Ideology: Why the American Common Man Believes What He Does}},
  author={Lane, Robert Edwards},
  year={1962},
  address={New York},
  publisher={Free Press of Glencoe}
}

@book{walsh2004,
  title={{Talking about Politics: Informal Groups and Social Identity in American Life}},
  author={Walsh, Katherine Cramer},
  year={2004},
  address={Chicago},
  publisher={University of Chicago Press}
}

@article{niederle2007,
  title={{Do Women Shy Away from Competition? Do Men Compete too Much?}},
  author={Niederle, Muriel and Vesterlund, Lise},
  journal={The Quarterly Journal of Economics},
  volume={122},
  number={3},
  pages={1067--1101},
  year={2007},
  publisher={MIT Press}
}

@article{preece2015,
  title={{Why Women Don't Run: Experimental Evidence on Gender Differences in Political Competition Aversion}},
  author={Preece, Jessica and Stoddard, Olga},
  journal={Journal of Economic Behavior \& Organization},
  volume={117},
  pages={296--308},
  year={2015},
  publisher={Elsevier}
}

@article{schneider2016,
  title={{Power, Conflict, and Community: How Gendered Views of Political Power Influence Women's Political Ambition}},
  author={Schneider, Monica C. and Holman, Mirya R. and Diekman, Amanda B. and McAndrew, Thomas},
  journal={Political Psychology},
  volume={37},
  number={4},
  pages={515--531},
  year={2016},
  publisher={Wiley Online Library}
}

@article{bauer2020,
  title={{Shifting Standards: How Voters Evaluate the Qualifications of Female and Male Candidates}},
  author={Bauer, Nichole M.},
  journal={The Journal of Politics},
  volume={82},
  number={1},
  pages={1--12},
  year={2020},
  publisher={The University of Chicago Press Chicago, IL}
}

@book{goodyeargrant2013,
  title={{Gendered News: Media Coverage and Electoral Politics in Canada}},
  author={Goodyear-Grant, Elizabeth},
  year={2013},
  publisher={UBC Press}
}

@article{mestre2012,
  title={{The Persistence of Gender Differences in Political Interest}},
  author={Mestre, T{\`a}nia Verge and Mar{\'\i}n, Ra{\"u}l Tormos},
  journal={Revista Espa{\~n}ola de Investigaciones Sociol{\'o}gicas (REIS)},
  volume={138},
  number={1},
  pages={1--19},
  year={2012},
  publisher={Centro de Investigaciones Sociol{\'o}gicas}
}

@article{devroe2023,
  title={{Gender Gaps in Political Ambition on Different Levels of Policy-Making}},
  author={Devroe, Robin and Coff{\'e}, Hilde and Vandeleene, Audrey and Wauters, Bram},
  journal={Parliamentary Affairs},
  volume={76},
  number={4},
  pages={924--946},
  year={2023},
  publisher={Oxford University Press UK}
}

@article{conover2002,
  title={{The Deliberative Potential of Political Discussion}},
  author={Conover, Pamela Johnston and Searing, Donald D. and Crewe, Ivor M.},
  journal={British Journal of Political Science},
  volume={32},
  number={1},
  pages={21--62},
  year={2002},
  publisher={Cambridge University Press}
}

@book{tilly2015,
  title={{Contentious Politics. Second Edition}},
  author={Tilly, Charles and Tarrow, Sidney G.},
  year={2015},
  publisher={Oxford University Press}
}

@book{vandeth1990,
  booktitle={{Continuities in Political Action: A Longitudinal Study of Political Orientations in Three Western Democracies}},
  editor={Jennings, M. Kent and Van Deth, Jan W. and Barnes, Samuel H. and Fuchs, Dieter and Heunks, Felix J. and Inglehart, Ronald and Kaase, Max and Klingemann, Hans-Dieter and Thomassen, Jacques J. A.},
  author={Van Deth, Jan W.},
  title={Interest in Politics},
  year={1990},
  publisher={Walter de Gruyter GmbH \& Co KG}
}

@article{noel2014,
  title={{Studying Your Own Country: Social Scientific Knowledge for Our Times and Places: Presidential Address to the Canadian Political Science Association, St Catharines, May 28, 2014}},
  author={No{\"e}l, Alain},
  journal={Canadian Journal of Political Science/Revue canadienne de science politique},
  volume={47},
  number={4},
  pages={647--666},
  year={2014},
  publisher={Cambridge University Press}
}

@article{bolduc2019,
  author={Bolduc, Michel},
  date={2023-10-12},
  title={Taille des classes : quel est le nombre d'élèves idéal?},
  journal={Radio-Canada},
  url={https://ici.radio-canada.ca/nouvelle/1158160/education-politique-eleves-doug-ford-budget-compressions},
  urldate={2019-03-14}
}

@article{tavakol2011,
  title={{Making Sense of Cronbach's Alpha}},
  author={Tavakol, Mohsen and Dennick, Reg},
  journal={International Journal of Medical Education},
  volume={2},
  pages={53--55},
  year={2011},
  publisher={IJME}
}

@article{williams2010,
  title={{Exploratory Factor Analysis: A Five-Step Guide for Novices}},
  author={Williams, Brett and Onsman, Andrys and Brown, Ted},
  journal={Journal of Emergency Primary Health Care},
  volume={8},
  number={3},
  pages={1--13},
  year={2010},
  publisher={SAGE Publications Sage UK: London, England}
}

@article{shevlin2000,
  title={{Coefficient Alpha: A Useful Indicator of Reliability?}},
  author={Shevlin, Mark and Miles, JNV and Davies, MNO and Walker, Stephanie},
  journal={Personality and Individual Differences},
  volume={28},
  number={2},
  pages={229--237},
  year={2000},
  publisher={Elsevier}
}

@Manual{pasek2018,
  title={{anesrake: ANES Raking Implementation}},
  author={Josh Pasek},
  year={2018},
  note={R package version 0.80},
  url={https://CRAN.R-project.org/package=anesrake},
}

@article{herrick2019,
  title={{Surveying American Indians with Opt-In Internet Surveys}},
  author={Herrick, Rebekah and Mendez, Jeanette Morehouse and Pryor, Ben and Davis, James A.},
  journal={The American Indian Quarterly},
  volume={43},
  number={3},
  pages={281--305},
  year={2019},
  publisher={University of Nebraska Press}
}

@article{thielo2021,
  title={{The Opt-In Internet Survey}},
  author={Thielo, Angela J. and Graham, Amanda and Cullen, Francis T.},
  journal={The Encyclopedia of Research Methods in Criminology and Criminal Justice},
  volume={1},
  pages={274--279},
  year={2021},
  publisher={Wiley Online Library}
}

@article{york2019,
  title={{Is it Top-Down, Trickle-Up, or Reciprocal?: Testing Longitudinal Relationships Between Youth News Use and Parent and Peer Political Discussion}},
  author={York, Chance},
  journal={Communication Studies},
  volume={70},
  number={4},
  pages={377--393},
  year={2019},
  publisher={Taylor \& Francis}
}

@mathesis{fortierchouinard2019,
  title={L'{\'e}ducation {\`a} la citoyennet{\'e} au secondaire: quel effet sur l'intention d'aller voter pour les jeunes Qu{\'e}b{\'e}cois?},
  author={Fortier-Chouinard, Alexandre},
  year={2019},
  school={Universit{\'e} Laval}
}

@book{birch2022,
  title={Bilan du gouvernement de la CAQ: entre nationalisme et pand{\'e}mie},
  author={Birch, Lisa and Dufresne, Yannick and Duval, Dominic and Tremblay-Antoine, Camille},
  year={2022},
  publisher={Presses de l'Universit{\'e} Laval}
}

@article{fox2024,
  title={{The Invincible Gender Gap in Political Ambition}},
  author={Fox, Richard L. and Lawless, Jennifer L.},
  journal={PS: Political Science \& Politics},
  volume={57},
  number={2},
  pages={231--237},
  year={2024},
  publisher={Cambridge University Press}
}

@article{sevi2023,
  title={{Are Women Election Averse?}},
  author={Sevi, Semra and Blais, Andr{\'e}},
  journal={Electoral Studies},
  volume={86},
  pages={102712},
  year={2023},
  publisher={Elsevier}
}

@article{kanthak2015,
  title={{Women Don't Run? Election Aversion and Candidate Entry}},
  author={Kanthak, Kristin and Woon, Jonathan},
  journal={American Journal of Political Science},
  volume={59},
  number={3},
  pages={595--612},
  year={2015},
  publisher={Wiley Online Library}
}

@article{kestilakekkonen2023,
  title={{The Role of Political Engagement of Parents in Reducing the Gender Gap in Political Self-Efficacy}},
  author={Kestil{\"a}-Kekkonen, Elina and Sipinen, Josefina and Rapeli, Lauri and Vad{\'e}n, Salla},
  journal={European Journal of Politics and Gender},
  pages={1--23},
  year={2023},
  publisher={Bristol University Press}
}

@article{vanditmars2023,
  title={{The Gender Gap in Political Interest: Heritability, Gendered Political Socialization, and the Enriched Environment Hypothesis}},
  author={van Ditmars, Mathilde M. and Ksiazkiewicz, Aleksander},
  journal={Politics and the Life Sciences},
  pages={1--15},
  year={2023},
  publisher={Cambridge University Press}
}

@article{vuchinich1987,
  title={{Starting and Stopping Spontaneous Family Conflicts}},
  author={Vuchinich, Samuel},
  journal={Journal of Marriage and the Family},
  volume={49},
  number={3},
  pages={591--601},
  year={1987},
  publisher={JSTOR}
}

@article{pettey1988,
  title={{The Interaction of the Individual's Social Environment, Attention and Interest, and Public Affairs Media Use on Political Knowledge Holding}},
  author={Pettey, Gary R.},
  journal={Communication Research},
  volume={15},
  number={3},
  pages={265--281},
  year={1988},
  publisher={Sage Newbury Park}
}

@article{elo2010,
  title={{Determinants of Political Knowledge: The Effects of the Media on Knowledge and Information}},
  author={Elo, Kimmo and Rapeli, Lauri},
  journal={Journal of Elections, Public Opinion and Parties},
  volume={20},
  number={1},
  pages={133--146},
  year={2010},
  publisher={Taylor \& Francis}
}

@article{eckel2008,
  title={{Gender and Negotiation in the Small: Are Women (Perceived to Be) More Cooperative than Men?}},
  author={Eckel, Catherine and De Oliveira, Angela C. M. and Grossman, Philip J.},
  journal={Negotiation Journal},
  volume={24},
  number={4},
  pages={429--445},
  year={2008},
  publisher={Wiley Online Library}
}

@article{noakes2006,
  title={{Age and Gender Differences in Peer Conflict}},
  author={Noakes, Melanie A. and Rinaldi, Christina M.},
  journal={Journal of Youth and Adolescence},
  volume={35},
  pages={881--891},
  year={2006},
  publisher={Springer}
}

@article{caravita2012,
  title={{Agentic or Communal? Associations between Interpersonal Goals, Popularity, and Bullying in Middle Childhood and Early Adolescence}},
  author={Caravita, Simona C. S. and Cillessen, Antonius H. N.},
  journal={Social Development},
  volume={21},
  number={2},
  pages={376--395},
  year={2012},
  publisher={Wiley Online Library}
}

@article{leaper2004,
  title={{A Meta-Analytic Review of Gender Variations in Children's Language Use: Talkativeness, Affiliative Speech, and Assertive Speech}},
  author={Leaper, Campbell and Smith, Tara E.},
  journal={Developmental Psychology},
  volume={40},
  number={6},
  pages={993},
  year={2004},
  publisher={American Psychological Association}
}

@article{fagot1985,
  title={{Differential Reactions to Assertive and Communicative Acts of Toddler Boys and Girls}},
  author={Fagot, Beverly I. and Hagan, Richard and Leinbach, Mary Driver and Kronsberg, Sandra},
  journal={Child Development},
  volume={56},
  number={6},
  pages={1499--1505},
  year={1985},
  publisher={JSTOR}
}

@article{brownell2006,
  title={{Becoming a Social Partner with Peers: Cooperation and Social Understanding in One-and Two-Year-Olds}},
  author={Brownell, Celia A. and Ramani, Geetha B. and Zerwas, Stephanie},
  journal={Child Development},
  volume={77},
  number={4},
  pages={803--821},
  year={2006},
  publisher={Wiley Online Library}
}

@article{craig1982,
  title={{Measuring Political Efficacy}},
  author={Craig, Stephen C. and Maggiotto, Michael A.},
  journal={Political Methodology},
  volume={8},
  number={2},
  pages={85--109},
  year={1982},
  publisher={JSTOR}
}

@article{hochman2019,
  title={{Political Interest Among European Youth With and Without an Immigrant Background}},
  author={Hochman, Oshrat and Garc{\'\i}a-Albacete, Gema},
  journal={Social Inclusion},
  volume={7},
  number={4},
  pages={257--278},
  year={2019},
  publisher={Cogitatio}
}

@article{prior2018,
  title={{"Like They've Never, Ever Seen in this Country"? Political Interest and Voter Engagement in 2016}},
  author={Prior, Markus and Bougher, Lori D.},
  journal={Public Opinion Quarterly},
  volume={82},
  number={S1},
  pages={822--842},
  year={2018},
  publisher={Oxford University Press US}
}

@article{grechyna2023,
  title={{Parenthood and Political Engagement}},
  author={Grechyna, Daryna},
  journal={European Journal of Political Economy},
  volume={76},
  pages={102238},
  year={2023},
  publisher={Elsevier}
}

@article{stensota2020,
  title={{Does Care Experience Affect Policy Interests? Male Legislators, Parental Leave, and Political Priorities in Sweden}},
  author={Stensota, Helena Olofsdotter},
  journal={Politics \& Gender},
  volume={16},
  number={1},
  pages={123--144},
  year={2020},
  publisher={Cambridge University Press}
}

@article{uyanto2020,
  title={{Power Comparisons of Five Most Commonly Used Autocorrelation Tests}},
  author={Uyanto, Stanislaus S.},
  journal={Pakistan Journal of Statistics and Operation Research},
  volume={16},
  number={1},
  pages={119--130},
  year={2020},
  publisher={College of Statistical and Actuarial Sciences}
}

@article{halunga2017,
  title={{A Heteroskedasticity Robust Breusch--Pagan Test for Contemporaneous Correlation in Dynamic Panel Data Models}},
  author={Halunga, Andreea G. and Orme, Chris D. and Yamagata, Takashi},
  journal={Journal of Econometrics},
  volume={198},
  number={2},
  pages={209--230},
  year={2017},
  publisher={Elsevier}
}

@article{berndt1982,
  title={{The Features and Effects of Friendship in Early Adolescence}},
  author={Berndt, Thomas J.},
  journal={Child Development},
  volume={53},
  number={6},
  pages={1447--1460},
  year={1982},
  publisher={JSTOR}
}

@book{kittilson2012,
  title={{The Gendered Effects of Electoral Institutions: Political Engagement and Participation}},
  author={Kittilson, Miki Caul and Schwindt-Bayer, Leslie A.},
  year={2012},
  publisher={Oxford University Press}
}

@article{stattin2022,
  title={{Youth's Own Political Interest Can Explain their Political Interactions with Important Others}},
  author={Stattin, H{\aa}kan and Russo, Silvia},
  journal={International Journal of Behavioral Development},
  volume={46},
  number={4},
  pages={297--307},
  year={2022},
  publisher={Sage Publications Sage UK: London, England}
}

@article{geys2017,
  title={{Political Dynasties in Democracies: Causes, Consequences and Remaining Puzzles}},
  author={Geys, Benny and Smith, Daniel M.},
  journal={The Economic Journal},
  volume={127},
  number={605},
  pages={F446--F454},
  year={2017},
  publisher={Oxford University Press Oxford, UK}
}

@article{hunter1985,
  title={{Adolescents' Perception of Discussions with Parents and Friends}},
  author={Hunter, Fumiyo T.},
  journal={Developmental Psychology},
  volume={21},
  number={3},
  pages={433--440},
  year={1985},
  publisher={American Psychological Association}
}

@article{furman2022,
  title={{The Role of Family, Peers and School in Political Socialization: Quantitative and Qualitative Study of Polish Young Adults' Experiences}},
  author={Furman, Aleksandra and Szczepa{\'n}ska, Dagmara and Maison, Dominika},
  journal={Citizenship Teaching \& Learning},
  volume={17},
  number={1},
  pages={123--143},
  year={2022},
  publisher={Intellect}
}

@article{levinsen2015,
  title={{Political Discussions with Family and Friends: Exploring the Impact of Political Distance}},
  author={Levinsen, Klaus and Yndigegn, Carsten},
  journal={The Sociological Review},
  volume={63},
  number={S2},
  pages={72--91},
  year={2015},
  publisher={Wiley Online Library}
}

@article{akoglu2018,
  title={{User's Guide to Correlation Coefficients}},
  author={Akoglu, Haldun},
  journal={{Turkish Journal of Emergency Medicine}},
  volume={18},
  number={3},
  pages={91--93},
  year={2018},
  publisher={Elsevier}
}

@article{harff2022,
  title={{Political Content from Virtual 'Friends': How Influencers Arouse Young Women's Political Interest via Parasocial Relationships}},
  author={Harff, Darian},
  journal={The Journal of Social Media in Society},
  volume={11},
  number={2},
  pages={97--121},
  year={2022}
}

@article{harff2024,
  title={{Who Relies on Social Media Influencers for Political Information? A Cross-Country Study Among Youth}},
  author={Harff, Darian and Schmuck, Desiree},
  journal={The International Journal of Press/Politics},
  pages={19401612241234898},
  year={2024},
  publisher={SAGE Publications Sage CA: Los Angeles, CA}
}

@article{pap2018,
  title={{Does Social Media Usage Influence Youth's Interest in Politics?}},
  author={Pap, Ana and Ham, Marija and Biland{\v{z}}i{\'c}, Karla},
  journal={International Journal of Multidisciplinarity in Business and Science},
  volume={4},
  number={5},
  pages={84--90},
  year={2018},
  publisher={Accent doo}
}

@article{wasike2023,
  title={{I Am an Influencer and I Approve This Message! Examining How Political Social Media Influencers Affect Political Interest, Political Trust, Political Efficacy, and Political Participation}},
  author={Wasike, Ben},
  journal={International Journal of Communication},
  volume={17},
  pages={3110--3132},
  year={2023}
}

@article{schmuck2022,
  title={{Politics -- Simply Explained? How Influencers Affect Youth's Perceived Simplification of Politics, Political Cynicism, and Political Interest}},
  author={Schmuck, Desir{\'e}e and Hirsch, Melanie and Stevic, Anja and Matthes, J{\"o}rg},
  journal={The International Journal of Press/Politics},
  volume={27},
  number={3},
  pages={738--762},
  year={2022},
  publisher={SAGE Publications Sage CA: Los Angeles, CA}
}

@article{motta2019,
  title={{Explaining Science Funding Attitudes in the United States: The Case for Science Interest}},
  author={Motta, Matthew},
  journal={Public Understanding of Science},
  volume={28},
  number={2},
  pages={161--176},
  year={2019},
  publisher={SAGE Publications Sage UK: London, England}
}
@misc{bc2024,
  title={{Executive Council and Parliamentary Secretaries of B.C.}},
  author={{Government of British Columbia}},
  year={2024},
	howpublished={\url{https://www2.gov.bc.ca/gov/content/governments/organizational-structure/cabinet/cabinet-ministers}},
	note={Page consulted April 27th, 2024}
}

@misc{ab2024,
  title={{Alberta Cabinet}},
  author={{Government of Alberta}},
  year={2024},
	howpublished={\url{https://www.alberta.ca/premier-cabinet}},
	note={Page consulted April 27th, 2024}
}

@misc{sk2024,
  title={{Saskatchewan Cabinet}},
  author={{Government of Saskatchewan}},
  year={2024},
	howpublished={\url{https://www.saskatchewan.ca/government/government-structure/cabinet}},
	note={Page consulted April 27th, 2024}
}

@misc{mb2024,
  title={{Cabinet Ministers}},
  author={{Province of Manitoba}},
  year={2024},
	howpublished={\url{https://www.gov.mb.ca/minister/index.html}},
	note={Page consulted April 27th, 2024}
}

@misc{on2024,
  title={{Ministers}},
  author={{Legislative Assembly of Ontario}},
  year={2024},
	howpublished={\url{https://www.ola.org/en/members/current/ministers}},
	note={Page consulted April 27th, 2024}
}

@misc{qc2024,
  title={{Members of Cabinet}},
  author={{Gouvernement du Québec}},
  year={2024},
	howpublished={\url{https://www.quebec.ca/en/premier/team/members-of-cabinet}},
	note={Page consulted April 27th, 2024}
}

@misc{nb2024,
  title={{Members of the Executive Council}},
  author={{Government of New Brunswick}},
  year={2024},
	howpublished={\url{https://www2.gnb.ca/content/gnb/en/contacts/minister_list.html}},
	note={Page consulted April 27th, 2024}
}

@misc{ns2024,
  title={{Cabinet}},
  author={{Nova Scotia Legislature}},
  year={2024},
	howpublished={\url{https://nslegislature.ca/members/cabinet}},
	note={Page consulted April 27th, 2024}
}

@misc{pei2024,
  title={{Executive Council of Prince Edward Island}},
  author={{Government of Prince Edward Island}},
  year={2024},
	howpublished={\url{https://www.princeedwardisland.ca/en/information/executive-council-office/meet-the-cabinet}},
	note={Page consulted April 27th, 2024}
}

@misc{nl2024,
  title={{Cabinet}},
  author={{Government of Newfoundland and Labrador}},
  year={2024},
	howpublished={\url{https://www.gov.nl.ca/cabinet-ministers/}},
	note={Page consulted April 27th, 2024}
}

@article{seawright2008,
  title={{Case Selection Techniques in Case Study Research: A Menu of Qualitative and Quantitative Options}},
  author={Seawright, Jason and Gerring, John},
  journal={Political Research Quarterly},
  volume={61},
  number={2},
  pages={294--308},
  year={2008},
  publisher={Sage Publications Sage CA: Los Angeles, CA}
}

@misc{quebec2023,
  title={GDUNO -- Recherche d'un organisme},
  author={{Gouvernement du Québec}},
  year={2023},
	howpublished={\url{https://prod.education.gouv.qc.ca/gdunojrecherche/rechercheOrganisme.do?methode=rechercheNom&typeRecherche=nom}},
	note={Page consulted May 2, 2024}
}

@misc{ontario2024a,
  title={{Ontario Public School Contact Information}},
  author={{Ontario Data Catalogue}},
  year={2024},
	howpublished={\url{https://data.ontario.ca/dataset/ontario-public-school-contact-information}},
	note={Page consulted May 2, 2024}
}

@misc{ontario2024b,
  title={{Private School Contact Information}},
  author={{Ontario Data Catalogue}},
  year={2024},
	howpublished={\url{https://data.ontario.ca/dataset/private-school-contact-information}},
	note={Page consulted May 2, 2024}
}

@article{chang2009,
  title={{National Surveys via RDD Telephone Interviewing versus the Internet: Comparing Sample Representativeness and Response Quality}},
  author={Chang, Linchiat and Krosnick, Jon A.},
  journal={Public Opinion Quarterly},
  volume={73},
  number={4},
  pages={641--678},
  year={2009},
  publisher={Oxford University Press}
}

@techreport{gidengil2016a,
  author = {Gidengil, Elisabeth and Meneguello, Rachel and Shenga, Carlos and Zechmeister, Elizabeth},
  institution = {{Political Knowledge Sub-Committee Report}},
  title = {{Final Report of CSES Module 5 Political Knowledge Subcommittee}},
  year = {2016}
}

@misc{wpb2024a,
  title={Canada},
  author={{World Prison Brief}},
  year={2024},
	howpublished={\url{https://www.prisonstudies.org/country/canada}},
	note={Page consulted May 29, 2024}
}

@misc{wpb2024b,
  title={United States of America},
  author={{World Prison Brief}},
  year={2024},
	howpublished={\url{https://www.prisonstudies.org/country/united-states-america}},
	note={Page consulted May 29, 2024}
}

@misc{statcan2024,
  title={{Police Personnel by Detailed Rank, Duties and Gender}},
  author={{Statistics Canada}},
  year={2024},
	howpublished={\url{https://www150.statcan.gc.ca/t1/tbl1/en/cv.action?pid=3510007801}},
	note={Page consulted May 29, 2024}
}

@article{vanewijk2012,
  title={{Diversity within Police Forces in Europe: A Case for the Comprehensive View}},
  author={van Ewijk, Anne R.},
  journal={Policing: A Journal of Policy and Practice},
  volume={6},
  number={1},
  pages={76--92},
  year={2012},
  publisher={Oxford University Press}
}
@article{dassonneville2020,
  title={{Do Women Vote Less Correctly? The Effect of Gender on Ideological Proximity Voting and Correct Voting}},
  author={Dassonneville, Ruth and Nugent, Mary K. and Hooghe, Marc and Lau, Richard},
  journal={The Journal of Politics},
  volume={82},
  number={3},
  pages={1156--1160},
  year={2020},
  publisher={The University of Chicago Press Chicago, IL}
}
